3038 5220
662 178 723 248 tto

167 385 211 451 P:
231 385 413 451 orocadnm
434 384 576 472 aliquem
598 387 694 451 foras.

96 480 335 553 Ambrosianum
362 487 563 572 sequendum
590 508 662 551 esso
690 487 896 551 manifestum
925 498 984 550 cst.
1031 484 1116 550 idem
1148 485 1234 550 valet
1261 483 1302 549 de

97 583 194 655 Paua.
214 589 277 659 321

168 689 217 756 A:
239 713 297 756 sex
320 690 389 754 dieo
412 690 537 779 aliquos
561 691 656 755 modo

167 792 209 857 P:
233 815 292 857 aex
315 791 385 855 dies
406 792 522 857 saltem
544 791 649 858 modo.

132 910 220 977 Stich.
243 912 318 979 375.
339 912 403 977 376

168 1013 214 1078 A:
238 1011 440 1097 Argentique
451 1011 586 1095 aurique
598 1011 733 1074 advexit
750 1011 922 1076 nimium.
937 1013 947 1096 'q
963 1010 1057 1074 nimis
1071 1010 1193 1075 factum
1207 1010 1299 1078 bene.

232 1116 242 1200 Ι
264 1114 390 1179 lanam
404 1135 646 1200 purpuramque
662 1113 806 1177 multam.
821 1116 830 1198 l
847 1111 974 1195 estqui
992 1127 1134 1176 ventrem
1152 1113 1298 1180 vestiam.

167 1214 210 1283 P:
233 1216 438 1300 Argentique
453 1216 587 1300 aurique
604 1215 736 1279 advexit
751 1215 925 1279 multum.
940 1216 949 1300 fi
965 1215 1060 1278 nimis
1075 1215 1196 1279 factum
1210 1214 1300 1280 bene.

234 1316 397 1404 {Lanam
431 1339 672 1405 purpuramque
708 1317 853 1382 multam.
888 1318 897 1401 p
930 1316 1033 1394 hem,
1067 1319 1122 1402 qui
1158 1331 1301 1382 ventrem

897 1435 1043 1484 vestiam.

87 1504 118 1575 5¹²
149 1521 254 1607 priore
283 1544 379 1587 versu
401 1523 528 1585 malliam
551 1522 583 1584 ia
610 1520 640 1585 P
667 1543 708 1584 ex
743 1521 907 1607 sequentis
945 1543 1056 1586 versus
1090 1520 1300 1585 similitudine

82 1618 240 1710 ⁰riginem
272 1623 374 1690 duxit
419 1625 451 1687 in
480 1624 580 1687 altero
608 1646 705 1688 versu
734 1646 831 1707 quam
858 1622 892 1687 A
924 1622 1057 1707 praebet
1091 1623 1302 1688 elocutionem

74 1736 156 1790 mat
179 1727 235 1810 qui
252 1726 398 1790 vestiam‘
415 1725 602 1801 modestam,
618 1749 637 1788 a
659 1726 793 1811 parasiti
810 1725 964 1790 aviditate
988 1737 1085 1810 atque
1101 1725 1302 1812 impudentia

67 1817 187 1893 &liena
209 1844 266 1894 est.
310 1851 408 1912 quam
430 1827 471 1892 ab
500 1828 654 1892 histrione
683 1850 745 1891 non
769 1852 788 1891 a
809 1829 1022 1914 grammatico
1043 1828 1207 1892 inventam
1231 1850 1301 1893 esse

63 1928 322 1995 afirmaverim.

169 2031 199 2096 E
221 2030 369 2095 scaenica
384 2052 448 2094 non
466 2031 571 2096 minus
588 2054 685 2119 quam
703 2054 721 2096 e
736 2032 948 2117 grammatica
965 2034 1192 2098 retractatione
1208 2045 1303 2099 natae

61 2140 154 2199 (isse
176 2145 310 2222 possunt
332 2133 393 2198 has
420 2133 638 2199 diversitates:

127 2255 307 2320 Pseudolo
318 2255 367 2317 A:
381 2275 465 2318 nunc
477 2253 541 2317 huc
553 2253 739 2329 concedam,
753 2253 851 2317 unde
866 2252 981 2317 borum
1000 2274 1178 2319 sermonem
1197 2257 1304 2343 legam

319 2356 363 2421 P:
388 2378 473 2420 nunc
496 2356 558 2420 huc
582 2356 767 2433 concedam,
789 2366 828 2419 ut
852 2355 964 2419 horum
987 2377 1165 2420 sermonem
1188 2357 1304 2444 legam.

78 2460 125 2523 cf.
149 2481 179 2543 p.
202 2459 244 2523 94
271 2472 301 2522 et
325 2458 420 2544 Epid.
446 2457 506 2522 103
537 2457 623 2534 ,Huc
652 2459 842 2533 concedam,
872 2459 1048 2521 orationem
1077 2459 1163 2523 unde
1190 2460 1305 2526 horum

86 2562 213 2648 placide
235 2570 432 2648 persequar&

127 2682 241 2746 Bacch.
263 2681 326 2747 529

170 2785 217 2849 A:
241 2784 294 2849 ibo
317 2797 356 2849 ut
379 2783 482 2849 visam
505 2783 568 2849 buc
591 2784 632 2848 ad
655 2806 739 2861 eum,
763 2784 790 2848 si
811 2785 923 2848 fortest
941 2784 1036 2848 domi.

85 2889 128 2957 P:
155 2888 220 2967 ,ibo
242 2901 279 2953 et
302 2889 429 2966 visam‘3
458 2887 498 2951 cf.
522 2887 634 2973 Amplt.
661 2885 763 2950 1075*
793 2885 856 2962 ‚ibo
875 2895 907 2949 et
930 2907 1132 2971 cognoscam,
1156 2887 1302 2975 quisquis
1399 2870 1402 2877 ¹

87 3001 142 3056 est‘
166 2991 205 3068 P,
233 2992 281 3055 ibo
303 3003 336 3054 at
365 3015 538 3078 cognoscam
561 2991 731 3056 Acidalius
757 2988 969 3075 probantibus
1001 2989 1134 3053 Goetzio
1160 2989 1301 3055 Loewio·

87 3117 162 3182 que:
189 3095 271 3158 Mea.
293 3096 355 3160 557
383 3093 454 3173 ,Ibo
482 3106 513 3159 et
537 3093 726 3160 conveniam
754 3102 891 3156 servom‘
914 3091 943 3155 P
973 3091 1163 3158 Ritsohelius
1186 3091 1303 3160 Vahle-

88 3220 162 3275 nus,
189 3197 237 3261 ibo
261 3209 295 3259 ut
320 3201 491 3262 conveniam
520 3196 683 3261 Abraham
718 3196 738 3262 l.
760 3217 787 3258 c.
814 3217 846 3279 p.
873 3194 936 3258 208
964 3194 1088 3258 collatis
1114 3193 1199 3280 Copt.
1229 3194 1303 3262 919.

88 3303 199 3367 Bacch.
221 3299 292 3366 348.

131 3424 224 3486 Poea.
246 3419 309 3484 466

171 3523 219 3587 A:
242 3520 330 3606 Quid
353 3521 383 3586 ei
406 3520 508 3585 divini
531 3531 595 3604 atq.
618 3519 752 3585 humani
775 3528 943 3605 aequomst
966 3516 1118 3580 credere?

172 3624 213 3689 P:
236 3622 324 3708 Quid
347 3623 376 3686 ei
399 3622 501 3688 divini
525 3635 580 3686 aut
602 3621 734 3687 humani
756 3632 924 3707 aequomst
946 3617 1102 3684 credere?

128 3746 197 3809 Mit
219 3743 296 3830 plor.
320 3741 403 3807 1133

239 3845 336 3911 Nunc
359 3845 401 3910 ad
424 3866 474 3908 me
497 3845 606 3908 veniat
629 3853 719 3906 usust
741 3841 998 3906 Acroteleutium

172 3950 223 4015 A:
247 3948 414 4013 Ancillula
438 3949 506 4012 eius
529 3969 573 4010 ac
595 3945 783 4010 Pleusicles.

90 4055 149 4117 aaa
171 4064 224 4116 aut
246 4051 407 4116 Pleusicles
431 4049 458 4114 P
481 4070 642 4138 perverse.

136 4173 221 4237 Taua
244 4172 306 4238 267

173 4275 221 4340 A:
245 4274 306 4339 nisi
328 4273 399 4339 abis
422 4281 566 4337 actutum
589 4285 650 4333 aut
672 4267 752 4332 dicis
775 4288 871 4351 quem
893 4287 1030 4349 quaeras
1053 4264 1116 4329 cito

172 4376 215 4441 P:
239 4375 299 4440 uisi
322 4374 392 4439 abis
415 4383 559 4438 actutum
582 4393 624 4435 ac
648 4370 728 4434 dicis
751 4369 829 4455 quid
851 4388 988 4453 quaeras
1011 4367 1083 4431 cito.

1127 4484 1158 4540 10
