3038 5220
800 263 841 327 14

204 466 418 533 enarrandam
459 489 532 532 cum
575 467 839 533 antecedentibus
885 490 949 532 non
985 467 1048 531 nisi
1091 464 1219 530 nomine
1260 465 1429 531 Strabacis

205 591 362 634 conexam
377 580 470 656 poeta
490 572 615 633 transit.
648 580 790 635 ceterum
801 569 955 634 miramur
973 569 1059 656 quod
1071 567 1285 654 Nicmeyerns
1298 590 1430 632 versum

205 671 268 735 246
290 671 324 735 in
337 670 372 734 A
394 669 482 735 alind
504 681 641 737 metrum
663 672 781 739 habere
813 684 910 760 atque
925 672 988 738 245
1011 692 1129 758 eosque
1152 671 1208 758 qui
1232 669 1432 735 antecedunt

207 773 337 838 minime
370 773 512 852 curavit,
545 796 742 862 quamquam
775 775 951 840 sententiae
986 773 1223 838 necessitudine
1253 773 1330 837 satis
1359 781 1431 836 arte

206 875 368 941 coniuncti
384 888 466 942 sunt.
509 897 569 940 nec
591 877 664 962 plus
684 878 899 963 Niemeyerus
920 875 1024 942 effecit
1040 875 1225 963 prosodiam
1239 873 1432 939 Plautinum

205 978 239 1042 in
259 978 294 1042 A
315 978 394 1043 scite
416 977 618 1043 observatam
641 1001 711 1044 esse
731 1001 865 1044 monens
897 979 964 1065 (aad
990 963 1016 1042 ia
1043 979 1135 1052 cldm,
1174 974 1242 1040 ttm
1268 977 1347 1051 coto,
1363 978 1434 1041 istd

206 1083 274 1170 ist),
291 1082 384 1169 quasi
399 1081 478 1146 talia
489 1083 523 1146 in
534 1081 680 1148 versibus
696 1082 897 1168 interpolatis
912 1103 976 1147 non
992 1097 1059 1146 tam
1070 1078 1183 1145 erebro
1199 1079 1434 1157 invenirentur,

204 1193 241 1249 nt
264 1183 412 1268 exempla
441 1183 556 1249 afferre
585 1206 862 1270 supervacaneum
899 1184 950 1253 sit,
994 1184 1090 1269 longe
1118 1182 1338 1247 incredibilius
1369 1195 1434 1260 est,

206 1287 293 1373 quod
325 1285 540 1372 Nicmeyerns
574 1309 615 1351 ex
649 1287 712 1352 hoo
744 1287 814 1352 loco
842 1309 876 1351 se
904 1285 1056 1351 didicisse
1084 1286 1146 1350 ait:
1180 1284 1435 1372 grammaticum

205 1387 371 1453 Palatinos
410 1399 630 1453 recensentem
674 1411 715 1454 ne
750 1389 791 1454 ab
825 1389 975 1455 obsoletis
1014 1387 1143 1475 quidem
1179 1387 1371 1474 (transilivit)
1401 1398 1435 1452 et

206 1489 380 1555 reconditis
402 1490 518 1575 (tabu)
541 1490 652 1555 formis
674 1490 888 1572 abhorruisse,
913 1503 949 1555 nt
970 1490 1108 1574 probum
1126 1511 1254 1555 versum
1277 1489 1434 1557 efficeret.

207 1614 291 1677 qnae
325 1603 492 1678 praeterea
523 1591 662 1671 addidit,
709 1595 743 1658 in
772 1593 810 1659 iis
841 1594 1018 1660 refutandis
1052 1592 1126 1656 nolo
1154 1590 1274 1656 diutius
1298 1594 1433 1656 morari.

208 1716 306 1758 unum
339 1693 416 1758 satis
434 1693 548 1758 babeo
577 1715 859 1773 commemorasse,
894 1695 935 1761 ab
969 1693 1185 1763 Ambrosiano
1214 1693 1361 1780 inprimis
1394 1715 1434 1758 ea

209 1796 249 1860 de
283 1818 380 1861 causa
414 1795 645 1861 discedendum
678 1819 763 1875 esse,
806 1798 892 1884 quod
925 1797 1072 1884 singulae
1105 1796 1280 1861 sententiae
1311 1795 1433 1861 finibus

210 1919 363 1963 versuum
401 1898 495 1963 foede
531 1898 790 1986 disrumpuntur,
833 1899 867 1963 id
903 1899 990 1986 quod
1022 1899 1099 1963 artis
1135 1897 1306 1963 Plautinae
1343 1909 1435 1962 certa

211 2001 265 2066 lex
282 2010 377 2069 vetat.
414 2023 498 2086 quae
515 2000 679 2087 Bergkins
694 2002 806 2088 (Bcitr.
824 2025 850 2065 z.
867 2002 919 2065 lut.
937 2001 1074 2068 Gramm.
1090 2024 1122 2088 p.
1139 1999 1270 2086 133tde
1286 2000 1435 2065 hocloco

206 2103 398 2188 disputavit,
426 2102 544 2190 partim
574 2103 719 2170 obsoleta
745 2125 832 2169 nunc
854 2103 935 2169 nihil
959 2104 1066 2169 valent
1087 2103 1191 2190 (velut
1212 2103 1246 2166 in
1267 2099 1302 2166 A
1323 2105 1436 2165 transit

209 2207 281 2271 ideo
313 2207 437 2272 illatum
467 2228 551 2284 esse,
579 2219 614 2272 nt
642 2208 859 2293 pronuntiatio
889 2207 940 2294 p'r
967 2208 1086 2271 Ιιονίυπι
1112 2206 1282 2290 vitaretur)
1312 2204 1434 2289 partim

210 2320 283 2396 post
294 2309 447 2376 Schoellii
464 2330 614 2396 sagacem
634 2311 890 2376 observationem
907 2309 988 2373 nihil
1003 2318 1147 2396 prosunt.
1192 2329 1296 2393 neque
1312 2328 1435 2391 operae

211 2413 349 2499 pretium
372 2424 420 2476 est
442 2411 600 2498 Gepperti
622 2412 744 2477 indicia
765 2411 870 2499 (stud.
888 2411 978 2498 193)
1001 2432 1177 2475 recensere.

296 2512 440 2578 Transeo
462 2513 505 2578 ad
527 2535 656 2579 versum
685 2515 804 2581 Trucal.
827 2513 889 2579 252

253 2617 299 2680 A:
315 2615 380 2700 Qui
402 2614 458 2680 nbi
480 2638 610 2703 quamq.
639 2627 819 2681 nostrarum
848 2615 937 2681 videt
957 2637 1058 2703 prope
1078 2613 1168 2680 aedis
1191 2613 1356 2700 adgrediri

253 2717 298 2782 P:
314 2717 378 2802 Qui
401 2717 456 2784 ubi
484 2740 646 2806 quamque
673 2729 854 2784 nostrarum
883 2718 971 2783 videt
1001 2739 1098 2805 prope
1121 2717 1209 2782 aedis
1239 2716 1301 2780 hac
1329 2716 1356 2780 si
1380 2715 1436 2779 ad-

820 2821 951 2908 gredias
1236 2816 1238 2821 ⁴

297 2922 351 2987 Ex
373 2923 455 2987 hacsi
482 2922 671 2989 eliciendum
703 2945 772 2988 esse
794 2925 879 2988 tusce
901 2922 1026 3009 (Bergk
1048 2923 1194 3007 Beitrrtpe
1217 2944 1248 3007 p.
1268 2919 1344 3005 133)
1369 2942 1437 2984 non

212 3026 320 3092 minus
343 3039 466 3091 certum
489 3038 548 3104 est,
563 3018 669 3113 ‘quam
692 3049 732 3091 ex
754 3026 788 3091 A
810 3026 1031 3112 recipiendum
1053 3045 1123 3088 esse
1147 3016 1306 3108 adprensa
1317 3023 1361 3108 1);
1392 3023 1435 3087 ci.

212 3128 349 3214 Langen
384 3128 483 3192 Beitr.
515 3152 542 3192 z.
576 3129 660 3192 Krit.
693 3153 723 3192 a.
756 3129 844 3193 att.
878 3129 909 3190 d.
939 3128 1069 3191 Plautus
1095 3130 1127 3211 p.
1159 3126 1200 3191 82
1224 3147 1270 3212 sq.
1320 3145 1437 3189 versus

147 3221 152 3230 ’
212 3230 311 3318 igitur
332 3229 395 3294 fine
425 3228 525 3308 ,aedis
554 3230 651 3295 hasce
674 3229 846 3317 adgrediri‘
870 3229 1043 3294 constituto
1065 3249 1176 3293 vocem
1194 3249 1291 3314 prope
1318 3227 1437 3293 falsam

213 3332 321 3398 sedem
355 3353 530 3419 occupasse
569 3346 718 3420 apparet3
746 3353 851 3416 neque
880 3342 988 3396 tamen
1025 3331 1087 3396 hoc
1116 3329 1212 3395 verbo
1245 3342 1319 3394 ante
1354 3333 1439 3395 videt

212 3434 324 3522 posito¹
349 3436 474 3522 integer
502 3457 614 3500 versus
642 3433 750 3520 prodit
780 3434 843 3498 nisi
879 3457 937 3519 pro
959 3446 1129 3498 nostrarum
1158 3433 1260 3497 altera
1292 3433 1439 3519 genetivi

212 3539 315 3604 forma
337 3550 471 3602 nostram
492 3539 647 3623 reposita:

255 3638 321 3723 Qui
342 3638 399 3704 ubi
421 3637 583 3726 quamque
606 3647 751 3702 nostrum
773 3638 874 3724 prope
890 3637 978 3702 videt
1000 3637 1096 3702 hasce
1120 3635 1209 3701 aedis
1232 3633 1399 3721 adgredlri

213 3764 309 3827 quem
336 3762 466 3806 versum
494 3740 522 3803 si
555 3761 629 3804 eum
662 3739 788 3804 traditis
814 3740 848 3803 in
875 3740 910 3804 A
938 3738 1024 3804 etP
1058 3738 1164 3803 verbis
1202 3759 1439 3822 comparamus,

213 3866 343 3910 versum
365 3844 398 3907 in
420 3842 597 3926 archetypo
619 3841 684 3906 iam
705 3853 891 3926 corruptum
913 3865 934 3906 a
954 3839 1177 3907 Palatinorum
1199 3839 1339 3905 librariis
1362 3838 1437 3904 reli-

213 3948 302 4034 giose
323 3945 519 4030 descriptum
541 3966 610 4008 esse
632 3944 789 4020 videmus,
812 3942 899 4030 qnod
918 3953 1029 4008 contra
1049 3955 1209 4008 corrector
1223 3940 1439 4007 Ambrosiani

214 4069 352 4126 ,versum
374 4068 432 4133 per
453 4056 625 4109 nostrarum
646 4046 721 4132 (pro
735 4047 882 4130 nostrum)
905 4055 937 4109 et
957 4047 1038 4110 otdct
1054 4067 1151 4132 prope
1166 4066 1224 4130 pro
1245 4066 1339 4131 prope
1353 4046 1437 4108 uidet

302 4305 322 4371 ¹)
346 4301 478 4356 Fortasse
495 4300 526 4354 in
543 4299 737 4355 Palatinorum
753 4300 880 4371 apicibus
897 4300 927 4354 id
944 4300 1036 4370 ipsum
1053 4300 1135 4367 latet3
1153 4299 1189 4354 cf.
1207 4298 1320 4352 Schoell
1338 4297 1438 4363 Praef.

218 4390 294 4443 rna.
313 4386 398 4442 XXI:
423 4387 504 4452 ,tacu
523 4386 667 4456 adgrediar
683 4401 735 4454 pro
753 4387 802 4439 tos
833 4387 862 4454 e)
879 4385 1018 4454 adgrediri
1035 4402 1070 4437 ex
1089 4385 1140 4438 tac
1156 4384 1270 4452 adpreda'
1287 4381 1441 4452 adscriptis

215 4491 246 4527 aa
263 4476 288 4525 ri
304 4471 471 4527 correcturis
488 4473 614 4541 repeterat
793 4501 795 4505 ι
