<?xml version="1.0" encoding="UTF-8"?>
<!DOCTYPE html PUBLIC "-//W3C//DTD XHTML 1.0 Transitional//EN"
    "http://www.w3.org/TR/xhtml1/DTD/xhtml1-transitional.dtd">
<html xmlns="http://www.w3.org/1999/xhtml" xml:lang="en" lang="en">
 <head>
  <title>
</title>
<meta http-equiv="Content-Type" content="text/html;charset=utf-8" />
  <meta name='ocr-system' content='tesseract 3.04.00' />
  <meta name='ocr-capabilities' content='ocr_page ocr_carea ocr_par ocr_line ocrx_word'/>
</head>
<body>
  <div class='ocr_page' id='page_1' title='image "./deplautifabular01baiegoog_0120.png"; bbox 0 0 3038 5220; ppageno 0'>
   <div class='ocr_carea' id='block_1_1' title="bbox 54 208 1286 2952">
    <p class='ocr_par' dir='ltr' id='par_1_1' title="bbox 647 208 705 271">
     <span class='ocr_line' id='line_1_1' title="bbox 647 208 705 271; baseline -0.017 0"><span class='ocrx_word' id='word_1_1' title='bbox 647 208 705 271; x_wconf 90' lang='lat'><strong>111</strong></span> 
     </span>
    </p>

    <p class='ocr_par' dir='ltr' id='par_1_2' title="bbox 60 408 1286 1195">
     <span class='ocr_line' id='line_1_2' title="bbox 63 408 1281 496; baseline 0.002 -22"><span class='ocrx_word' id='word_1_2' title='bbox 63 408 158 486; x_wconf 86' lang='lat' dir='ltr'><strong>vidit,</strong></span> <span class='ocrx_word' id='word_1_3' title='bbox 180 408 254 475; x_wconf 82' lang='lat' dir='ltr'><strong>illae</strong></span> <span class='ocrx_word' id='word_1_4' title='bbox 275 409 420 494; x_wconf 85' lang='lat' dir='ltr'><strong>virgulae</strong></span> <span class='ocrx_word' id='word_1_5' title='bbox 442 433 611 475; x_wconf 91' lang='lat' dir='ltr'><strong>numerum</strong></span> <span class='ocrx_word' id='word_1_6' title='bbox 628 410 689 477; x_wconf 82' lang='lat' dir='ltr'><strong>VL</strong></span> <span class='ocrx_word' id='word_1_7' title='bbox 703 445 737 463; x_wconf 93' lang='lat'><strong><em>=</em></strong></span> <span class='ocrx_word' id='word_1_8' title='bbox 750 411 803 485; x_wconf 78' lang='lat'><strong>45,</strong></span> <span class='ocrx_word' id='word_1_9' title='bbox 826 432 890 496; x_wconf 90' lang='lat' dir='ltr'><strong>qno</strong></span> <span class='ocrx_word' id='word_1_10' title='bbox 907 431 1018 475; x_wconf 85' lang='lat' dir='ltr'><strong>versus</strong></span> <span class='ocrx_word' id='word_1_11' title='bbox 1033 410 1128 476; x_wconf 91' lang='lat' dir='ltr'><strong>huius</strong></span> <span class='ocrx_word' id='word_1_12' title='bbox 1146 433 1281 476; x_wconf 77' lang='lat' dir='ltr'><strong>scaenae</strong></span> 
     </span>
     <span class='ocr_line' id='line_1_3' title="bbox 64 512 1285 600; baseline 0.001 -22"><span class='ocrx_word' id='word_1_13' title='bbox 64 525 143 600; x_wconf 90' lang='lat' dir='ltr'><strong>quot</strong></span> <span class='ocrx_word' id='word_1_14' title='bbox 176 512 305 596; x_wconf 90' lang='lat' dir='ltr'><strong>quidem</strong></span> <span class='ocrx_word' id='word_1_15' title='bbox 338 513 425 578; x_wconf 89' lang='lat' dir='ltr'><strong>inB</strong></span> <span class='ocrx_word' id='word_1_16' title='bbox 453 513 607 596; x_wconf 85' lang='lat' dir='ltr'>descripti</span> <span class='ocrx_word' id='word_1_17' title='bbox 634 526 713 586; x_wconf 80' lang='lat' dir='ltr'><strong>suntt</strong></span> <span class='ocrx_word' id='word_1_18' title='bbox 744 523 979 596; x_wconf 87' lang='lat' dir='ltr'><strong>computantur.</strong></span> <span class='ocrx_word' id='word_1_19' title='bbox 1030 514 1087 577; x_wconf 92' lang='lat' dir='ltr'><strong>sed</strong></span> <span class='ocrx_word' id='word_1_20' title='bbox 1114 537 1180 579; x_wconf 91' lang='lat' dir='ltr'><strong>non</strong></span> <span class='ocrx_word' id='word_1_21' title='bbox 1207 515 1285 579; x_wconf 90' lang='lat' dir='ltr'><strong>satis</strong></span> 
     </span>
     <span class='ocr_line' id='line_1_4' title="bbox 63 614 1284 695; baseline 0.002 -17"><span class='ocrx_word' id='word_1_22' title='bbox 63 614 180 681; x_wconf 89' lang='lat' dir='ltr'><strong>habuit</strong></span> <span class='ocrx_word' id='word_1_23' title='bbox 213 625 325 679; x_wconf 89' lang='lat' dir='ltr'><strong>auctor</strong></span> <span class='ocrx_word' id='word_1_24' title='bbox 357 615 565 679; x_wconf 87' lang='lat' dir='ltr'><strong>Ambrosiani</strong></span> <span class='ocrx_word' id='word_1_25' title='bbox 608 636 798 680; x_wconf 80' lang='lat' dir='ltr'><strong>scaenarum</strong></span> <span class='ocrx_word' id='word_1_26' title='bbox 833 615 1024 679; x_wconf 89' lang='lat' dir='ltr'><strong>divisionem</strong></span> <span class='ocrx_word' id='word_1_27' title='bbox 1062 617 1190 695; x_wconf 86' lang='lat' dir='ltr'><strong>tollere,</strong></span> <span class='ocrx_word' id='word_1_28' title='bbox 1228 617 1284 682; x_wconf 90' lang='lat' dir='ltr'><strong>sed</strong></span> 
     </span>
     <span class='ocr_line' id='line_1_5' title="bbox 64 717 1285 795; baseline 0.002 -12"><span class='ocrx_word' id='word_1_29' title='bbox 64 738 202 783; x_wconf 86' lang='lat' dir='ltr'><strong>scaenas</strong></span> <span class='ocrx_word' id='word_1_30' title='bbox 221 717 306 781; x_wconf 89' lang='lat' dir='ltr'><strong>inter</strong></span> <span class='ocrx_word' id='word_1_31' title='bbox 327 738 362 781; x_wconf 91' lang='lat' dir='ltr'><strong>se</strong></span> <span class='ocrx_word' id='word_1_32' title='bbox 385 718 543 782; x_wconf 81' lang='lat' dir='ltr'><strong>artissime</strong></span> <span class='ocrx_word' id='word_1_33' title='bbox 570 717 615 779; x_wconf 93' lang='lat' dir='ltr'><strong>ita</strong></span> <span class='ocrx_word' id='word_1_34' title='bbox 638 717 822 795; x_wconf 88' lang='lat' dir='ltr'><strong>coniunxit,</strong></span> <span class='ocrx_word' id='word_1_35' title='bbox 847 728 881 781; x_wconf 93' lang='lat' dir='ltr'><strong>ut</strong></span> <span class='ocrx_word' id='word_1_36' title='bbox 903 718 936 781; x_wconf 93' lang='lat' dir='ltr'><strong>in</strong></span> <span class='ocrx_word' id='word_1_37' title='bbox 960 740 1055 782; x_wconf 90' lang='lat' dir='ltr'><strong>versu</strong></span> <span class='ocrx_word' id='word_1_38' title='bbox 1079 741 1216 784; x_wconf 82' lang='lat' dir='ltr'><strong>scaenae</strong></span> <span class='ocrx_word' id='word_1_39' title='bbox 1232 720 1285 785; x_wconf 79' lang='lat'><strong>12</strong></span> 
     </span>
     <span class='ocr_line' id='line_1_6' title="bbox 62 817 1286 908; baseline 0.002 -23"><span class='ocrx_word' id='word_1_40' title='bbox 62 819 177 886; x_wconf 92' lang='lat' dir='ltr'><strong>ultimo</strong></span> <span class='ocrx_word' id='word_1_41' title='bbox 210 841 367 908; x_wconf 69' lang='lat' dir='ltr'><strong>personam</strong></span> <span class='ocrx_word' id='word_1_42' title='bbox 401 819 505 906; x_wconf 90' lang='lat' dir='ltr'><strong>spatio</strong></span> <span class='ocrx_word' id='word_1_43' title='bbox 539 819 650 884; x_wconf 89' lang='lat' dir='ltr'><strong>relicto</strong></span> <span class='ocrx_word' id='word_1_44' title='bbox 683 817 835 904; x_wconf 87' lang='lat' dir='ltr'><strong>Astaphii</strong></span> <span class='ocrx_word' id='word_1_45' title='bbox 869 820 1123 885; x_wconf 90' lang='lat' dir='ltr'><strong>interiectionem</strong></span> <span class='ocrx_word' id='word_1_46' title='bbox 1151 823 1286 887; x_wconf 79' lang='lat' dir='ltr'><strong>adderet</strong></span> 
     </span>
     <span class='ocr_line' id='line_1_7' title="bbox 62 922 1283 1011; baseline 0.001 -23"><span class='ocrx_word' id='word_1_47' title='bbox 62 944 202 1011; x_wconf 84' lang='lat' dir='ltr'><strong>eamque</strong></span> <span class='ocrx_word' id='word_1_48' title='bbox 222 933 325 988; x_wconf 89' lang='lat' dir='ltr'><strong>metro</strong></span> <span class='ocrx_word' id='word_1_49' title='bbox 352 922 398 987; x_wconf 89' lang='lat' dir='ltr'><strong>ita</strong></span> <span class='ocrx_word' id='word_1_50' title='bbox 420 922 623 1008; x_wconf 91' lang='lat' dir='ltr'><strong>adaptatam,</strong></span> <span class='ocrx_word' id='word_1_51' title='bbox 652 937 687 987; x_wconf 93' lang='lat' dir='ltr'><strong>ut</strong></span> <span class='ocrx_word' id='word_1_52' title='bbox 709 943 768 1007; x_wconf 94' lang='lat' dir='ltr'><strong>pro</strong></span> <span class='ocrx_word' id='word_1_53' title='bbox 790 922 909 1008; x_wconf 89' lang='lat' dir='ltr'><strong>triplici</strong></span> <span class='ocrx_word' id='word_1_54' title='bbox 934 922 975 984; x_wconf 87' lang='lat' dir='ltr'><strong>ha</strong></span> <span class='ocrx_word' id='word_1_55' title='bbox 996 923 1036 985; x_wconf 87' lang='lat' dir='ltr'><strong>hc</strong></span> <span class='ocrx_word' id='word_1_56' title='bbox 1056 923 1113 1000; x_wconf 87' lang='lat' dir='ltr'><strong>ha,</strong></span> <span class='ocrx_word' id='word_1_57' title='bbox 1144 923 1231 1010; x_wconf 93' lang='lat' dir='ltr'><strong>quod</strong></span> <span class='ocrx_word' id='word_1_58' title='bbox 1254 924 1283 989; x_wconf 93' lang='lat' dir='ltr'>P</span> 
     </span>
     <span class='ocr_line' id='line_1_8' title="bbox 62 1024 1283 1112; baseline -0.001 -21"><span class='ocrx_word' id='word_1_59' title='bbox 62 1024 221 1093; x_wconf 85' lang='lat' dir='ltr'><strong>exhibent</strong></span> <span class='ocrx_word' id='word_1_60' title='bbox 232 1027 275 1112; x_wconf 88' lang='lat'><strong>¹),</strong></span> <span class='ocrx_word' id='word_1_61' title='bbox 307 1025 446 1110; x_wconf 81' lang='lat' dir='ltr'><strong>simplex</strong></span> <span class='ocrx_word' id='word_1_62' title='bbox 475 1026 515 1087; x_wconf 83' lang='grc'><strong>11</strong></span> <span class='ocrx_word' id='word_1_63' title='bbox 542 1024 713 1102; x_wconf 86' lang='lat' dir='ltr'><strong>scriberet,</strong></span> <span class='ocrx_word' id='word_1_64' title='bbox 741 1047 804 1111; x_wconf 90' lang='lat' dir='ltr'><strong>que</strong></span> <span class='ocrx_word' id='word_1_65' title='bbox 833 1025 1015 1089; x_wconf 91' lang='lat' dir='ltr'><strong>octonarius</strong></span> <span class='ocrx_word' id='word_1_66' title='bbox 1043 1024 1200 1089; x_wconf 88' lang='lat' dir='ltr'><strong>iambicus</strong></span> <span class='ocrx_word' id='word_1_67' title='bbox 1230 1026 1283 1090; x_wconf 92' lang='lat' dir='ltr'><strong>hic</strong></span> 
     </span>
     <span class='ocr_line' id='line_1_9' title="bbox 60 1128 230 1195; baseline -0.018 -1"><span class='ocrx_word' id='word_1_68' title='bbox 60 1128 230 1195; x_wconf 75' lang='lat' dir='ltr'><strong>existeret:</strong></span> 
     </span>
    </p>

    <p class='ocr_par' dir='ltr' id='par_1_3' title="bbox 54 1229 1283 1832">
     <span class='ocr_line' id='line_1_10' title="bbox 147 1229 1282 1318; baseline 0 -21"><span class='ocrx_word' id='word_1_69' title='bbox 147 1229 234 1297; x_wconf 86' lang='lat' dir='ltr'><strong>Redi</strong></span> <span class='ocrx_word' id='word_1_70' title='bbox 256 1252 334 1295; x_wconf 85' lang='lat' dir='ltr'><strong>vero</strong></span> <span class='ocrx_word' id='word_1_71' title='bbox 355 1242 512 1295; x_wconf 87' lang='lat' dir='ltr'><strong>actutum:</strong></span> <span class='ocrx_word' id='word_1_72' title='bbox 536 1251 597 1317; x_wconf 81' lang='lat' dir='ltr'><strong>ego</strong></span> <span class='ocrx_word' id='word_1_73' title='bbox 618 1229 745 1294; x_wconf 90' lang='lat' dir='ltr'><strong>interim</strong></span> <span class='ocrx_word' id='word_1_74' title='bbox 769 1229 820 1292; x_wconf 88' lang='lat' dir='ltr'><strong>hic</strong></span> <span class='ocrx_word' id='word_1_75' title='bbox 843 1231 930 1316; x_wconf 92' lang='lat' dir='ltr'><strong>apud</strong></span> <span class='ocrx_word' id='word_1_76' title='bbox 954 1253 1009 1295; x_wconf 86' lang='lat' dir='ltr'><strong>vos</strong></span> <span class='ocrx_word' id='word_1_77' title='bbox 1025 1231 1183 1316; x_wconf 86' lang='lat' dir='ltr'><strong>operibor.</strong></span> <span class='ocrx_word' id='word_1_78' title='bbox 1200 1233 1209 1318; x_wconf 67' lang='grc'><strong>11</strong></span> <span class='ocrx_word' id='word_1_79' title='bbox 1225 1233 1282 1297; x_wconf 92' lang='lat' dir='ltr'><strong>hal</strong></span> 
     </span>
     <span class='ocr_line' id='line_1_11' title="bbox 59 1331 1283 1419; baseline -0.002 -19"><span class='ocrx_word' id='word_1_80' title='bbox 59 1332 276 1419; x_wconf 76' lang='lat' dir='ltr'><strong>Spengelius,</strong></span> <span class='ocrx_word' id='word_1_81' title='bbox 313 1354 386 1397; x_wconf 92' lang='lat' dir='ltr'><strong>cum</strong></span> <span class='ocrx_word' id='word_1_82' title='bbox 419 1332 453 1395; x_wconf 93' lang='lat' dir='ltr'><strong>in</strong></span> <span class='ocrx_word' id='word_1_83' title='bbox 486 1334 751 1397; x_wconf 85' lang='lat' dir='ltr'><strong>commentatione</strong></span> <span class='ocrx_word' id='word_1_84' title='bbox 786 1331 826 1395; x_wconf 90' lang='lat' dir='ltr'><strong>de</strong></span> <span class='ocrx_word' id='word_1_85' title='bbox 860 1355 1049 1397; x_wconf 86' lang='lat' dir='ltr'><strong>scaenarum</strong></span> <span class='ocrx_word' id='word_1_86' title='bbox 1080 1333 1283 1399; x_wconf 91' lang='lat' dir='ltr'><strong>distinctione</strong></span> 
     </span>
     <span class='ocr_line' id='line_1_12' title="bbox 59 1434 1281 1522; baseline 0.001 -22"><span class='ocrx_word' id='word_1_87' title='bbox 59 1435 151 1501; x_wconf 90' lang='lat' dir='ltr'><strong>dicat</strong></span> <span class='ocrx_word' id='word_1_88' title='bbox 185 1436 218 1499; x_wconf 92' lang='lat' dir='ltr'><strong>in</strong></span> <span class='ocrx_word' id='word_1_89' title='bbox 247 1435 281 1499; x_wconf 82' lang='lat' dir='ltr'>A</span> <span class='ocrx_word' id='word_1_90' title='bbox 309 1455 438 1522; x_wconf 91' lang='lat' dir='ltr'><strong>qnoque</strong></span> <span class='ocrx_word' id='word_1_91' title='bbox 467 1434 604 1519; x_wconf 84' lang='lat' dir='ltr'><strong>vestigia</strong></span> <span class='ocrx_word' id='word_1_92' title='bbox 631 1456 767 1498; x_wconf 92' lang='lat' dir='ltr'><strong>scaenae</strong></span> <span class='ocrx_word' id='word_1_93' title='bbox 796 1434 872 1498; x_wconf 91' lang='lat' dir='ltr'><strong>olim</strong></span> <span class='ocrx_word' id='word_1_94' title='bbox 906 1436 1076 1499; x_wconf 85' lang='lat' dir='ltr'><strong>distinctae</strong></span> <span class='ocrx_word' id='word_1_95' title='bbox 1103 1457 1281 1521; x_wconf 86' lang='lat' dir='ltr'><strong>superesse,</strong></span> 
     </span>
     <span class='ocr_line' id='line_1_13' title="bbox 56 1536 1276 1625; baseline 0 -22"><span class='ocrx_word' id='word_1_96' title='bbox 56 1560 126 1625; x_wconf 88' lang='lat' dir='ltr'><strong>quo</strong></span> <span class='ocrx_word' id='word_1_97' title='bbox 149 1547 271 1624; x_wconf 88' lang='lat' dir='ltr'><strong>spectet</strong></span> <span class='ocrx_word' id='word_1_98' title='bbox 293 1537 411 1614; x_wconf 88' lang='lat' dir='ltr'><strong>nescio,</strong></span> <span class='ocrx_word' id='word_1_99' title='bbox 434 1537 496 1601; x_wconf 90' lang='lat' dir='ltr'><strong>nisi</strong></span> <span class='ocrx_word' id='word_1_100' title='bbox 517 1537 598 1600; x_wconf 83' lang='lat' dir='ltr'><strong>forte</strong></span> <span class='ocrx_word' id='word_1_101' title='bbox 622 1559 680 1621; x_wconf 90' lang='lat' dir='ltr'><strong>pro</strong></span> <span class='ocrx_word' id='word_1_102' title='bbox 704 1536 822 1600; x_wconf 91' lang='lat' dir='ltr'><strong>indicio</strong></span> <span class='ocrx_word' id='word_1_103' title='bbox 844 1537 959 1602; x_wconf 92' lang='lat' dir='ltr'><strong>habuit</strong></span> <span class='ocrx_word' id='word_1_104' title='bbox 986 1538 1072 1624; x_wconf 89' lang='lat' dir='ltr'><strong>qnod</strong></span> <span class='ocrx_word' id='word_1_105' title='bbox 1098 1539 1276 1622; x_wconf 85' lang='lat' dir='ltr'><strong>,Requievi‘</strong></span> 
     </span>
     <span class='ocr_line' id='line_1_14' title="bbox 54 1640 1281 1728; baseline 0 -21"><span class='ocrx_word' id='word_1_106' title='bbox 54 1641 108 1707; x_wconf 87' lang='lat' dir='ltr'><strong>ibi</strong></span> <span class='ocrx_word' id='word_1_107' title='bbox 129 1640 292 1727; x_wconf 81' lang='lat' dir='ltr'><strong>integrum</strong></span> <span class='ocrx_word' id='word_1_108' title='bbox 319 1662 448 1705; x_wconf 88' lang='lat' dir='ltr'><strong>versum</strong></span> <span class='ocrx_word' id='word_1_109' title='bbox 476 1651 623 1726; x_wconf 90' lang='lat' dir='ltr'><strong>occupat.</strong></span> <span class='ocrx_word' id='word_1_110' title='bbox 667 1662 750 1723; x_wconf 91' lang='lat' dir='ltr'><strong>quae</strong></span> <span class='ocrx_word' id='word_1_111' title='bbox 773 1663 823 1704; x_wconf 90' lang='lat' dir='ltr'><strong>res</strong></span> <span class='ocrx_word' id='word_1_112' title='bbox 846 1640 938 1704; x_wconf 88' lang='lat' dir='ltr'><strong>nihili</strong></span> <span class='ocrx_word' id='word_1_113' title='bbox 967 1653 1015 1704; x_wconf 92' lang='lat' dir='ltr'><strong>est</strong></span> <span class='ocrx_word' id='word_1_114' title='bbox 1038 1663 1116 1728; x_wconf 89' lang='lat' dir='ltr'><strong>prae</strong></span> <span class='ocrx_word' id='word_1_115' title='bbox 1138 1664 1217 1707; x_wconf 87' lang='lat' dir='ltr'><strong>voce</strong></span> <span class='ocrx_word' id='word_1_116' title='bbox 1240 1643 1281 1706; x_wconf 82' lang='grc'><strong>11</strong></span> 
     </span>
     <span class='ocr_line' id='line_1_15' title="bbox 57 1741 1136 1832; baseline -0.002 -22"><span class='ocrx_word' id='word_1_117' title='bbox 57 1741 173 1810; x_wconf 88' lang='lat' dir='ltr'><strong>versui</strong></span> <span class='ocrx_word' id='word_1_118' title='bbox 195 1742 258 1809; x_wconf 81' lang='lat'><strong>209</strong></span> <span class='ocrx_word' id='word_1_119' title='bbox 280 1752 353 1829; x_wconf 91' lang='lat' dir='ltr'><strong>post</strong></span> <span class='ocrx_word' id='word_1_120' title='bbox 374 1742 514 1827; x_wconf 90' lang='lat' dir='ltr'><strong>spatium</strong></span> <span class='ocrx_word' id='word_1_121' title='bbox 537 1765 694 1829; x_wconf 89' lang='lat' dir='ltr'><strong>personae</strong></span> <span class='ocrx_word' id='word_1_122' title='bbox 717 1743 863 1807; x_wconf 88' lang='lat' dir='ltr'><strong>relictum</strong></span> <span class='ocrx_word' id='word_1_123' title='bbox 886 1744 1099 1830; x_wconf 84' lang='lat' dir='ltr'><strong>agglutinata.</strong></span> <span class='ocrx_word' id='word_1_124' title='bbox 1110 1745 1136 1832; x_wconf 73' lang='lat'><strong>²)</strong></span> 
     </span>
    </p>

    <p class='ocr_par' dir='ltr' id='par_1_4' title="bbox 54 1845 1283 2952">
     <span class='ocr_line' id='line_1_16' title="bbox 147 1845 1282 1932; baseline 0.001 -21"><span class='ocrx_word' id='word_1_125' title='bbox 147 1845 205 1911; x_wconf 83' lang='lat' dir='ltr'><strong>Ad</strong></span> <span class='ocrx_word' id='word_1_126' title='bbox 227 1855 353 1911; x_wconf 87' lang='lat' dir='ltr'><strong>ceteras</strong></span> <span class='ocrx_word' id='word_1_127' title='bbox 369 1849 401 1909; x_wconf 93' lang='lat' dir='ltr'><strong>in</strong></span> <span class='ocrx_word' id='word_1_128' title='bbox 418 1846 542 1910; x_wconf 89' lang='lat' dir='ltr'><strong>scaenis</strong></span> <span class='ocrx_word' id='word_1_129' title='bbox 561 1846 797 1932; x_wconf 85' lang='lat' dir='ltr'><strong>distinguendis</strong></span> <span class='ocrx_word' id='word_1_130' title='bbox 814 1846 1047 1931; x_wconf 90' lang='lat' dir='ltr'><strong>discrepantias</strong></span> <span class='ocrx_word' id='word_1_131' title='bbox 1060 1848 1282 1913; x_wconf 89' lang='lat' dir='ltr'><strong>recensionum</strong></span> 
     </span>
     <span class='ocr_line' id='line_1_17' title="bbox 54 1947 1283 2035; baseline 0 -21"><span class='ocrx_word' id='word_1_132' title='bbox 54 1958 237 2032; x_wconf 88' lang='lat' dir='ltr'><strong>antequam</strong></span> <span class='ocrx_word' id='word_1_133' title='bbox 269 1958 445 2029; x_wconf 87' lang='lat' dir='ltr'><strong>transeam,</strong></span> <span class='ocrx_word' id='word_1_134' title='bbox 480 1947 640 2035; x_wconf 90' lang='lat' dir='ltr'><strong>quaedam</strong></span> <span class='ocrx_word' id='word_1_135' title='bbox 673 1948 913 2031; x_wconf 89' lang='lat' dir='ltr'><strong>praemonenda</strong></span> <span class='ocrx_word' id='word_1_136' title='bbox 946 1960 1030 2012; x_wconf 92' lang='lat' dir='ltr'><strong>sunt.</strong></span> <span class='ocrx_word' id='word_1_137' title='bbox 1084 1949 1283 2015; x_wconf 86' lang='lat' dir='ltr'><strong>Ritschelius</strong></span> 
     </span>
     <span class='ocr_line' id='line_1_18' title="bbox 56 2049 1283 2140; baseline 0.002 -26"><span class='ocrx_word' id='word_1_138' title='bbox 56 2053 137 2140; x_wconf 83' lang='lat' dir='ltr'><strong>(Op.</strong></span> <span class='ocrx_word' id='word_1_139' title='bbox 154 2052 232 2138; x_wconf 82' lang='lat' dir='ltr'><strong>phil.</strong></span> <span class='ocrx_word' id='word_1_140' title='bbox 255 2049 293 2115; x_wconf 88' lang='grc' dir='ltr'>Π</span> <span class='ocrx_word' id='word_1_141' title='bbox 315 2072 346 2134; x_wconf 91' lang='lat' dir='ltr'><strong>p.</strong></span> <span class='ocrx_word' id='word_1_142' title='bbox 369 2052 446 2135; x_wconf 78' lang='lat'>367)</span> <span class='ocrx_word' id='word_1_143' title='bbox 469 2049 553 2114; x_wconf 87' lang='lat' dir='ltr'><strong>hanc</strong></span> <span class='ocrx_word' id='word_1_144' title='bbox 574 2050 679 2134; x_wconf 86' lang='lat' dir='ltr'><strong>legem</strong></span> <span class='ocrx_word' id='word_1_145' title='bbox 701 2050 882 2114; x_wconf 86' lang='lat' dir='ltr'><strong>constituit:</strong></span> <span class='ocrx_word' id='word_1_146' title='bbox 914 2050 977 2132; x_wconf 88' lang='lat' dir='ltr'><strong>,Im</strong></span> <span class='ocrx_word' id='word_1_147' title='bbox 1005 2051 1219 2134; x_wconf 88' lang='lat' dir='ltr'><strong>allgemeinen</strong></span> <span class='ocrx_word' id='word_1_148' title='bbox 1240 2053 1283 2118; x_wconf 91' lang='lat' dir='ltr'><strong>ist</strong></span> 
     </span>
     <span class='ocr_line' id='line_1_19' title="bbox 57 2151 1281 2239; baseline 0 -19"><span class='ocrx_word' id='word_1_149' title='bbox 57 2156 114 2221; x_wconf 90' lang='lat' dir='ltr'><strong>eiu</strong></span> <span class='ocrx_word' id='word_1_150' title='bbox 149 2154 369 2239; x_wconf 86' lang='lat' dir='ltr'><strong>verniinftiges</strong></span> <span class='ocrx_word' id='word_1_151' title='bbox 402 2151 536 2237; x_wconf 88' lang='lat' dir='ltr'><strong>Prinoip</strong></span> <span class='ocrx_word' id='word_1_152' title='bbox 570 2151 716 2215; x_wconf 88' lang='lat' dir='ltr'><strong>offenbar</strong></span> <span class='ocrx_word' id='word_1_153' title='bbox 749 2151 870 2228; x_wconf 88' lang='lat' dir='ltr'><strong>dieses,</strong></span> <span class='ocrx_word' id='word_1_154' title='bbox 908 2153 982 2216; x_wconf 91' lang='lat' dir='ltr'><strong>dass</strong></span> <span class='ocrx_word' id='word_1_155' title='bbox 1012 2175 1093 2218; x_wconf 90' lang='lat' dir='ltr'><strong>neue</strong></span> <span class='ocrx_word' id='word_1_156' title='bbox 1125 2154 1281 2220; x_wconf 90' lang='lat' dir='ltr'><strong>Namens-</strong></span> 
     </span>
     <span class='ocr_line' id='line_1_20' title="bbox 57 2252 1280 2341; baseline 0 -18"><span class='ocrx_word' id='word_1_157' title='bbox 57 2255 297 2323; x_wconf 80' lang='lat' dir='ltr'><strong>iiberschriften</strong></span> <span class='ocrx_word' id='word_1_158' title='bbox 325 2253 368 2319; x_wconf 90' lang='lat' dir='ltr'><strong>da</strong></span> <span class='ocrx_word' id='word_1_159' title='bbox 389 2255 540 2340; x_wconf 85' lang='lat' dir='ltr'><strong>gemacht</strong></span> <span class='ocrx_word' id='word_1_160' title='bbox 566 2252 709 2330; x_wconf 83' lang='lat' dir='ltr'><strong>werden,</strong></span> <span class='ocrx_word' id='word_1_161' title='bbox 740 2276 789 2317; x_wconf 91' lang='lat' dir='ltr'><strong>wo</strong></span> <span class='ocrx_word' id='word_1_162' title='bbox 811 2276 892 2319; x_wconf 90' lang='lat' dir='ltr'><strong>neue</strong></span> <span class='ocrx_word' id='word_1_163' title='bbox 915 2254 1082 2320; x_wconf 91' lang='lat' dir='ltr'><strong>Personen</strong></span> <span class='ocrx_word' id='word_1_164' title='bbox 1110 2261 1280 2341; x_wconf 86' lang='lat' dir='ltr'><strong>auftreten,</strong></span> 
     </span>
     <span class='ocr_line' id='line_1_21' title="bbox 59 2355 1281 2443; baseline -0.001 -17"><span class='ocrx_word' id='word_1_165' title='bbox 59 2383 155 2426; x_wconf 88' lang='lat' dir='ltr'><strong>weun</strong></span> <span class='ocrx_word' id='word_1_166' title='bbox 176 2357 261 2423; x_wconf 90' lang='lat' dir='ltr'><strong>auch</strong></span> <span class='ocrx_word' id='word_1_167' title='bbox 284 2358 394 2443; x_wconf 87' lang='lat' dir='ltr'><strong>vorige</strong></span> <span class='ocrx_word' id='word_1_168' title='bbox 417 2355 678 2433; x_wconf 87' lang='lat' dir='ltr'><strong>zuriickblciben,</strong></span> <span class='ocrx_word' id='word_1_169' title='bbox 703 2356 849 2443; x_wconf 85' lang='lat' dir='ltr'><strong>dagegen</strong></span> <span class='ocrx_word' id='word_1_170' title='bbox 873 2358 978 2434; x_wconf 87' lang='lat' dir='ltr'><strong>keine,</strong></span> <span class='ocrx_word' id='word_1_171' title='bbox 1003 2381 1051 2423; x_wconf 90' lang='lat' dir='ltr'><strong>wo</strong></span> <span class='ocrx_word' id='word_1_172' title='bbox 1075 2382 1134 2424; x_wconf 92' lang='lat' dir='ltr'><strong>nur</strong></span> <span class='ocrx_word' id='word_1_173' title='bbox 1157 2361 1281 2426; x_wconf 88' lang='lat' dir='ltr'><strong>welche</strong></span> 
     </span>
     <span class='ocr_line' id='line_1_22' title="bbox 61 2458 1282 2548; baseline -0.002 -18"><span class='ocrx_word' id='word_1_174' title='bbox 61 2464 218 2539; x_wconf 79' lang='lat' dir='ltr'><strong>abtreten,</strong></span> <span class='ocrx_word' id='word_1_175' title='bbox 252 2458 330 2525; x_wconf 89' lang='lat' dir='ltr'><strong>aber</strong></span> <span class='ocrx_word' id='word_1_176' title='bbox 361 2458 653 2523; x_wconf 86' lang='lat' dir='ltr'><strong>znriiokbleibende</strong></span> <span class='ocrx_word' id='word_1_177' title='bbox 686 2460 777 2544; x_wconf 91' lang='lat' dir='ltr'><strong>(oder</strong></span> <span class='ocrx_word' id='word_1_178' title='bbox 804 2460 856 2524; x_wconf 91' lang='lat' dir='ltr'><strong>ein</strong></span> <span class='ocrx_word' id='word_1_179' title='bbox 883 2460 1206 2548; x_wconf 88' lang='lat' dir='ltr'><strong>zuriickbleibender)</strong></span> <span class='ocrx_word' id='word_1_180' title='bbox 1241 2486 1282 2528; x_wconf 89' lang='lat' dir='ltr'><strong>zu</strong></span> 
     </span>
     <span class='ocr_line' id='line_1_23' title="bbox 60 2562 1282 2654; baseline -0.002 -22"><span class='ocrx_word' id='word_1_181' title='bbox 60 2565 221 2654; x_wconf 90' lang='lat' dir='ltr'><strong>sprechen</strong></span> <span class='ocrx_word' id='word_1_182' title='bbox 242 2562 442 2627; x_wconf 82' lang='lat' dir='ltr'><strong>fortfahren‘.</strong></span> <span class='ocrx_word' id='word_1_183' title='bbox 487 2584 585 2645; x_wconf 93' lang='lat' dir='ltr'><strong>quam</strong></span> <span class='ocrx_word' id='word_1_184' title='bbox 613 2564 771 2626; x_wconf 86' lang='lat' dir='ltr'><strong>rationem</strong></span> <span class='ocrx_word' id='word_1_185' title='bbox 799 2565 906 2627; x_wconf 92' lang='lat' dir='ltr'><strong>minus</strong></span> <span class='ocrx_word' id='word_1_186' title='bbox 936 2574 1023 2628; x_wconf 89' lang='lat' dir='ltr'><strong>recte</strong></span> <span class='ocrx_word' id='word_1_187' title='bbox 1046 2563 1152 2629; x_wconf 90' lang='lat' dir='ltr'><strong>virum</strong></span> <span class='ocrx_word' id='word_1_188' title='bbox 1179 2565 1224 2628; x_wconf 92' lang='lat' dir='ltr'><strong>ill.</strong></span> <span class='ocrx_word' id='word_1_189' title='bbox 1247 2565 1282 2629; x_wconf 93' lang='lat' dir='ltr'><strong>in</strong></span> 
     </span>
     <span class='ocr_line' id='line_1_24' title="bbox 61 2664 1279 2753; baseline -0.004 -17"><span class='ocrx_word' id='word_1_190' title='bbox 61 2667 235 2737; x_wconf 84' lang='lat' dir='ltr'><strong>comoediis</strong></span> <span class='ocrx_word' id='word_1_191' title='bbox 263 2666 424 2731; x_wconf 88' lang='lat' dir='ltr'><strong>Plautinis</strong></span> <span class='ocrx_word' id='word_1_192' title='bbox 453 2664 638 2729; x_wconf 89' lang='lat' dir='ltr'><strong>adhibuisse</strong></span> <span class='ocrx_word' id='word_1_193' title='bbox 669 2667 802 2742; x_wconf 90' lang='lat' dir='ltr'><strong>scimus,</strong></span> <span class='ocrx_word' id='word_1_194' title='bbox 832 2688 872 2730; x_wconf 85' lang='lat' dir='ltr'><strong>ex</strong></span> <span class='ocrx_word' id='word_1_195' title='bbox 896 2688 960 2749; x_wconf 94' lang='lat' dir='ltr'><strong>quo</strong></span> <span class='ocrx_word' id='word_1_196' title='bbox 987 2665 1178 2753; x_wconf 84' lang='lat' dir='ltr'><strong>Spengelius</strong></span> <span class='ocrx_word' id='word_1_197' title='bbox 1207 2667 1228 2731; x_wconf 94' lang='lat' dir='ltr'><strong>l.</strong></span> <span class='ocrx_word' id='word_1_198' title='bbox 1252 2690 1279 2731; x_wconf 92' lang='lat' dir='ltr'><strong>c.</strong></span> 
     </span>
     <span class='ocr_line' id='line_1_25' title="bbox 60 2768 1281 2860; baseline -0.002 -23"><span class='ocrx_word' id='word_1_199' title='bbox 60 2797 93 2860; x_wconf 90' lang='lat' dir='ltr'><strong>p.</strong></span> <span class='ocrx_word' id='word_1_200' title='bbox 110 2772 173 2837; x_wconf 77' lang='lat'><strong>273</strong></span> <span class='ocrx_word' id='word_1_201' title='bbox 196 2770 236 2834; x_wconf 89' lang='lat' dir='ltr'><strong>de</strong></span> <span class='ocrx_word' id='word_1_202' title='bbox 253 2769 313 2833; x_wconf 90' lang='lat' dir='ltr'><strong>hac</strong></span> <span class='ocrx_word' id='word_1_203' title='bbox 329 2769 516 2855; x_wconf 91' lang='lat' dir='ltr'><strong>quaestione</strong></span> <span class='ocrx_word' id='word_1_204' title='bbox 532 2769 579 2831; x_wconf 93' lang='lat' dir='ltr'><strong>sic</strong></span> <span class='ocrx_word' id='word_1_205' title='bbox 595 2768 715 2845; x_wconf 90' lang='lat' dir='ltr'><strong>statuit,</strong></span> <span class='ocrx_word' id='word_1_206' title='bbox 739 2780 784 2845; x_wconf 92' lang='lat' dir='ltr'><strong>ut,</strong></span> <span class='ocrx_word' id='word_1_207' title='bbox 808 2769 938 2852; x_wconf 89' lang='lat' dir='ltr'><strong>quando</strong></span> <span class='ocrx_word' id='word_1_208' title='bbox 953 2791 1091 2854; x_wconf 89' lang='lat' dir='ltr'><strong>persona</strong></span> <span class='ocrx_word' id='word_1_209' title='bbox 1107 2770 1147 2833; x_wconf 92' lang='lat' dir='ltr'><strong>de</strong></span> <span class='ocrx_word' id='word_1_210' title='bbox 1164 2791 1281 2835; x_wconf 86' lang='lat' dir='ltr'><strong>scaena</strong></span> 
     </span>
     <span class='ocr_line' id='line_1_26' title="bbox 62 2871 1280 2952; baseline -0.002 -12"><span class='ocrx_word' id='word_1_211' title='bbox 62 2874 210 2952; x_wconf 87' lang='lat' dir='ltr'><strong>decedat,</strong></span> <span class='ocrx_word' id='word_1_212' title='bbox 233 2894 317 2937; x_wconf 88' lang='lat' dir='ltr'><strong>nova</strong></span> <span class='ocrx_word' id='word_1_213' title='bbox 331 2893 448 2936; x_wconf 91' lang='lat' dir='ltr'><strong>scaena</strong></span> <span class='ocrx_word' id='word_1_214' title='bbox 464 2893 526 2935; x_wconf 93' lang='lat' dir='ltr'><strong>non</strong></span> <span class='ocrx_word' id='word_1_215' title='bbox 542 2871 739 2947; x_wconf 88' lang='lat' dir='ltr'><strong>instituatur,</strong></span> <span class='ocrx_word' id='word_1_216' title='bbox 762 2872 788 2934; x_wconf 91' lang='lat' dir='ltr'><strong>si</strong></span> <span class='ocrx_word' id='word_1_217' title='bbox 810 2872 896 2934; x_wconf 89' lang='lat' dir='ltr'><strong>idem</strong></span> <span class='ocrx_word' id='word_1_218' title='bbox 912 2882 1052 2936; x_wconf 91' lang='lat' dir='ltr'><strong>metrum</strong></span> <span class='ocrx_word' id='word_1_219' title='bbox 1068 2872 1280 2949; x_wconf 91' lang='lat' dir='ltr'><strong>continuetur,</strong></span> 
     </span>
    </p>
   </div>
   <div class='ocr_carea' id='block_1_2' title="bbox 58 2962 1280 3061">
    <p class='ocr_par' dir='ltr' id='par_1_5' title="bbox 58 2962 1280 3061">
     <span class='ocr_line' id='line_1_27' title="bbox 58 2962 1280 3061; baseline -0.007 -16"><span class='ocrx_word' id='word_1_220' title='bbox 58 2979 261 3053; x_wconf 84' lang='lat' dir='ltr'><strong>instituatur,</strong></span> <span class='ocrx_word' id='word_1_221' title='bbox 284 2974 340 3040; x_wconf 92' lang='lat' dir='ltr'><strong>ubi</strong></span> <span class='ocrx_word' id='word_1_222' title='bbox 368 2962 523 3039; x_wconf 80' lang='lat' dir='ltr'><strong>adalind</strong></span> <span class='ocrx_word' id='word_1_223' title='bbox 557 2986 694 3036; x_wconf 90' lang='lat' dir='ltr'><strong>metrum</strong></span> <span class='ocrx_word' id='word_1_224' title='bbox 726 2982 918 3037; x_wconf 90' lang='lat' dir='ltr'><strong>transeatur.</strong></span> <span class='ocrx_word' id='word_1_225' title='bbox 926 2975 954 3061; x_wconf 79' lang='grc'><strong>8)</strong></span> <span class='ocrx_word' id='word_1_226' title='bbox 1008 2996 1112 3057; x_wconf 91' lang='lat' dir='ltr'><strong>neque</strong></span> <span class='ocrx_word' id='word_1_227' title='bbox 1139 2975 1171 3039; x_wconf 94' lang='lat' dir='ltr'><strong>in</strong></span> <span class='ocrx_word' id='word_1_228' title='bbox 1200 2974 1280 3038; x_wconf 91' lang='lat' dir='ltr'><strong>eius-</strong></span> 
     </span>
    </p>
   </div>
   <div class='ocr_carea' id='block_1_3' title="bbox 53 3194 1280 4287">
    <p class='ocr_par' dir='ltr' id='par_1_6' title="bbox 53 3194 1280 4287">
     <span class='ocr_line' id='line_1_28' title="bbox 147 3194 1279 3269; baseline 0.002 -18"><span class='ocrx_word' id='word_1_229' title='bbox 147 3201 169 3269; x_wconf 80' lang='lat'><strong>¹)</strong></span> <span class='ocrx_word' id='word_1_230' title='bbox 186 3197 244 3252; x_wconf 91' lang='lat' dir='ltr'><strong>Pro</strong></span> <span class='ocrx_word' id='word_1_231' title='bbox 261 3212 316 3264; x_wconf 89' lang='lat' dir='ltr'><strong>quo</strong></span> <span class='ocrx_word' id='word_1_232' title='bbox 328 3196 363 3248; x_wconf 77' lang='lat' dir='ltr'><strong>aa</strong></span> <span class='ocrx_word' id='word_1_233' title='bbox 380 3196 415 3248; x_wconf 83' lang='lat' dir='ltr'><strong>lta</strong></span> <span class='ocrx_word' id='word_1_234' title='bbox 432 3196 464 3248; x_wconf 79' lang='lat' dir='ltr'><strong>lte</strong></span> <span class='ocrx_word' id='word_1_235' title='bbox 475 3194 565 3264; x_wconf 79' lang='lat' dir='ltr'><strong>magis</strong></span> <span class='ocrx_word' id='word_1_236' title='bbox 577 3195 787 3249; x_wconf 88' lang='lat' dir='ltr'><strong>commendatur</strong></span> <span class='ocrx_word' id='word_1_237' title='bbox 799 3195 926 3250; x_wconf 89' lang='lat' dir='ltr'><strong>versibus</strong></span> <span class='ocrx_word' id='word_1_238' title='bbox 938 3197 1035 3250; x_wconf 82' lang='lat' dir='ltr'><strong>Pseud.</strong></span> <span class='ocrx_word' id='word_1_239' title='bbox 1047 3198 1110 3266; x_wconf 83' lang='lat'><strong>946;</strong></span> <span class='ocrx_word' id='word_1_240' title='bbox 1129 3198 1210 3251; x_wconf 80' lang='lat' dir='ltr'><strong>Pom.</strong></span> <span class='ocrx_word' id='word_1_241' title='bbox 1223 3198 1279 3253; x_wconf 79' lang='lat' dir='ltr'><strong>tas.</strong></span> 
     </span>
     <span class='ocr_line' id='line_1_29' title="bbox 58 3279 1280 3351; baseline -0.003 -11"><span class='ocrx_word' id='word_1_242' title='bbox 58 3286 97 3340; x_wconf 84' lang='lat' dir='ltr'><strong>ad</strong></span> <span class='ocrx_word' id='word_1_243' title='bbox 117 3285 234 3339; x_wconf 85' lang='lat' dir='ltr'><strong>eandem</strong></span> <span class='ocrx_word' id='word_1_244' title='bbox 257 3281 425 3349; x_wconf 85' lang='lat' dir='ltr'><strong>scripturam</strong></span> <span class='ocrx_word' id='word_1_245' title='bbox 446 3279 565 3333; x_wconf 87' lang='lat' dir='ltr'><strong>fortasse</strong></span> <span class='ocrx_word' id='word_1_246' title='bbox 588 3281 664 3333; x_wconf 90' lang='lat' dir='ltr'><strong>redit</strong></span> <span class='ocrx_word' id='word_1_247' title='bbox 698 3282 773 3350; x_wconf 88' lang='lat' dir='ltr'><strong>quod</strong></span> <span class='ocrx_word' id='word_1_248' title='bbox 791 3281 814 3334; x_wconf 94' lang='lat' dir='ltr'>P</span> <span class='ocrx_word' id='word_1_249' title='bbox 833 3300 915 3336; x_wconf 88' lang='lat' dir='ltr'><strong>versu</strong></span> <span class='ocrx_word' id='word_1_250' title='bbox 942 3283 1039 3336; x_wconf 77' lang='lat' dir='ltr'><strong>Pseud.</strong></span> <span class='ocrx_word' id='word_1_251' title='bbox 1059 3284 1124 3337; x_wconf 79' lang='lat'>1052</span> <span class='ocrx_word' id='word_1_252' title='bbox 1145 3282 1280 3351; x_wconf 88' lang='lat' dir='ltr'><strong>praebent</strong></span> 
     </span>
     <span class='ocr_line' id='line_1_30' title="bbox 57 3365 1280 3437; baseline -0.006 -11"><span class='ocrx_word' id='word_1_253' title='bbox 57 3373 95 3426; x_wconf 74' lang='lat' dir='ltr'><strong>aa</strong></span> <span class='ocrx_word' id='word_1_254' title='bbox 112 3372 155 3437; x_wconf 78' lang='lat' dir='ltr'><strong>lte;</strong></span> <span class='ocrx_word' id='word_1_255' title='bbox 175 3369 202 3421; x_wconf 80' lang='lat' dir='ltr'>A</span> <span class='ocrx_word' id='word_1_256' title='bbox 214 3367 327 3422; x_wconf 81' lang='lat' dir='ltr'><strong>exhibet</strong></span> <span class='ocrx_word' id='word_1_257' title='bbox 345 3365 438 3429; x_wconf 77' lang='lat' dir='ltr'><strong>talne,</strong></span> <span class='ocrx_word' id='word_1_258' title='bbox 458 3366 534 3432; x_wconf 88' lang='lat' dir='ltr'><strong>qnod</strong></span> <span class='ocrx_word' id='word_1_259' title='bbox 546 3367 575 3418; x_wconf 92' lang='lat' dir='ltr'><strong>in</strong></span> <span class='ocrx_word' id='word_1_260' title='bbox 592 3367 742 3419; x_wconf 79' lang='lat' dir='ltr'><strong>Tmcalentt&#39;</strong></span> <span class='ocrx_word' id='word_1_261' title='bbox 754 3366 846 3419; x_wconf 91' lang='lat' dir='ltr'><strong>locum</strong></span> <span class='ocrx_word' id='word_1_262' title='bbox 860 3367 967 3436; x_wconf 86' lang='lat' dir='ltr'><strong>recepit</strong></span> <span class='ocrx_word' id='word_1_263' title='bbox 980 3365 1146 3436; x_wconf 84' lang='lat' dir='ltr'><strong>Spengelius</strong></span> <span class='ocrx_word' id='word_1_264' title='bbox 1159 3367 1280 3436; x_wconf 73' lang='lat' dir='ltr'><strong>Resona-</strong></span> 
     </span>
     <span class='ocr_line' id='line_1_31' title="bbox 56 3451 890 3522; baseline -0.006 -13"><span class='ocrx_word' id='word_1_265' title='bbox 56 3455 215 3522; x_wconf 73' lang='lat' dir='ltr'><strong>vcrscltldpe</strong></span> <span class='ocrx_word' id='word_1_266' title='bbox 232 3471 260 3522; x_wconf 91' lang='lat' dir='ltr'><strong>p.</strong></span> <span class='ocrx_word' id='word_1_267' title='bbox 277 3452 336 3516; x_wconf 61' lang='lat'><strong>422,</strong></span> <span class='ocrx_word' id='word_1_268' title='bbox 355 3451 403 3518; x_wconf 91' lang='lat' dir='ltr'><strong>qui</strong></span> <span class='ocrx_word' id='word_1_269' title='bbox 422 3468 533 3504; x_wconf 86' lang='lat' dir='ltr'><strong>versum</strong></span> <span class='ocrx_word' id='word_1_270' title='bbox 552 3452 591 3504; x_wconf 91' lang='lat' dir='ltr'><strong>sic</strong></span> <span class='ocrx_word' id='word_1_271' title='bbox 610 3468 672 3504; x_wconf 92' lang='lat' dir='ltr'><strong>cnm</strong></span> <span class='ocrx_word' id='word_1_272' title='bbox 691 3451 714 3504; x_wconf 93' lang='lat' dir='ltr'>P</span> <span class='ocrx_word' id='word_1_273' title='bbox 732 3451 890 3506; x_wconf 88' lang='lat' dir='ltr'><strong>dimetitur:</strong></span> 
     </span>
     <span class='ocr_line' id='line_1_32' title="bbox 263 3535 906 3603; baseline -0.005 -12"><span class='ocrx_word' id='word_1_274' title='bbox 263 3536 371 3602; x_wconf 80' lang='lat' dir='ltr'><strong>Hebae,</strong></span> <span class='ocrx_word' id='word_1_275' title='bbox 389 3535 517 3603; x_wconf 71' lang='lat' dir='ltr'><strong>requievi</strong></span> <span class='ocrx_word' id='word_1_276' title='bbox 536 3536 602 3603; x_wconf 90' lang='lat' dir='ltr'><strong>quia</strong></span> <span class='ocrx_word' id='word_1_277' title='bbox 620 3537 696 3588; x_wconf 88' lang='lat' dir='ltr'><strong>intro</strong></span> <span class='ocrx_word' id='word_1_278' title='bbox 715 3536 786 3590; x_wconf 90' lang='lat' dir='ltr'><strong>abiit</strong></span> <span class='ocrx_word' id='word_1_279' title='bbox 804 3536 906 3590; x_wconf 90' lang='lat' dir='ltr'><strong>odium.</strong></span> 
     </span>
     <span class='ocr_line' id='line_1_33' title="bbox 143 3637 1279 3710; baseline -0.001 -14"><span class='ocrx_word' id='word_1_280' title='bbox 143 3645 167 3710; x_wconf 82' lang='lat'><strong>²)</strong></span> <span class='ocrx_word' id='word_1_281' title='bbox 183 3641 276 3696; x_wconf 86' lang='lat' dir='ltr'><strong>Possit</strong></span> <span class='ocrx_word' id='word_1_282' title='bbox 294 3638 404 3707; x_wconf 81' lang='lat' dir='ltr'><strong>aliquis,</strong></span> <span class='ocrx_word' id='word_1_283' title='bbox 425 3642 458 3691; x_wconf 87' lang='lat' dir='ltr'><strong>ut</strong></span> <span class='ocrx_word' id='word_1_284' title='bbox 476 3638 694 3691; x_wconf 83' lang='lat' dir='ltr'><strong>Ambrosianum</strong></span> <span class='ocrx_word' id='word_1_285' title='bbox 712 3637 853 3704; x_wconf 87' lang='lat' dir='ltr'><strong>defendat,</strong></span> <span class='ocrx_word' id='word_1_286' title='bbox 877 3638 906 3690; x_wconf 93' lang='lat' dir='ltr'><strong>in</strong></span> <span class='ocrx_word' id='word_1_287' title='bbox 924 3637 1160 3707; x_wconf 85' lang='lat' dir='ltr'><strong>comparationem</strong></span> <span class='ocrx_word' id='word_1_288' title='bbox 1178 3657 1279 3695; x_wconf 88' lang='lat' dir='ltr'><strong>vocare</strong></span> 
     </span>
     <span class='ocr_line' id='line_1_34' title="bbox 54 3723 1278 3793; baseline -0.002 -11"><span class='ocrx_word' id='word_1_289' title='bbox 54 3728 152 3782; x_wconf 87' lang='lat' dir='ltr'><strong>locum</strong></span> <span class='ocrx_word' id='word_1_290' title='bbox 174 3725 348 3779; x_wconf 86' lang='lat' dir='ltr'><strong>simillimum</strong></span> <span class='ocrx_word' id='word_1_291' title='bbox 365 3724 447 3793; x_wconf 85' lang='lat' dir='ltr'><strong>Epid.</strong></span> <span class='ocrx_word' id='word_1_292' title='bbox 465 3723 499 3776; x_wconf 85' lang='lat'><strong>80</strong></span> <span class='ocrx_word' id='word_1_293' title='bbox 517 3740 588 3790; x_wconf 87' lang='lat' dir='ltr'><strong>sqq.,</strong></span> <span class='ocrx_word' id='word_1_294' title='bbox 614 3741 630 3775; x_wconf 92' lang='lat' dir='ltr'><strong>a</strong></span> <span class='ocrx_word' id='word_1_295' title='bbox 648 3739 703 3789; x_wconf 88' lang='lat' dir='ltr'><strong>quo</strong></span> <span class='ocrx_word' id='word_1_296' title='bbox 721 3739 804 3775; x_wconf 88' lang='lat' dir='ltr'><strong>versu</strong></span> <span class='ocrx_word' id='word_1_297' title='bbox 827 3740 995 3791; x_wconf 88' lang='lat' dir='ltr'><strong>quamquam</strong></span> <span class='ocrx_word' id='word_1_298' title='bbox 1016 3727 1080 3790; x_wconf 89' lang='lat' dir='ltr'><strong>post</strong></span> <span class='ocrx_word' id='word_1_299' title='bbox 1097 3723 1278 3793; x_wconf 74' lang='lat' dir='ltr'><strong>Thesprionis</strong></span> 
     </span>
     <span class='ocr_line' id='line_1_35' title="bbox 54 3806 1279 3880; baseline -0.002 -14"><span class='ocrx_word' id='word_1_300' title='bbox 54 3812 166 3867; x_wconf 88' lang='lat' dir='ltr'><strong>abitum</strong></span> <span class='ocrx_word' id='word_1_301' title='bbox 179 3809 292 3880; x_wconf 79' lang='lat' dir='ltr'><strong>Epidici</strong></span> <span class='ocrx_word' id='word_1_302' title='bbox 311 3809 452 3862; x_wconf 91' lang='lat' dir='ltr'><strong>canticum</strong></span> <span class='ocrx_word' id='word_1_303' title='bbox 469 3807 578 3876; x_wconf 88' lang='lat' dir='ltr'><strong>incipit,</strong></span> <span class='ocrx_word' id='word_1_304' title='bbox 598 3806 784 3860; x_wconf 89' lang='lat' dir='ltr'><strong>nihilominus</strong></span> <span class='ocrx_word' id='word_1_305' title='bbox 803 3807 863 3862; x_wconf 84' lang='grc' dir='ltr'><strong>ΑΡ</strong></span> <span class='ocrx_word' id='word_1_306' title='bbox 882 3824 1008 3860; x_wconf 91' lang='lat' dir='ltr'><strong>scaenam</strong></span> <span class='ocrx_word' id='word_1_307' title='bbox 1026 3808 1199 3862; x_wconf 84' lang='lat' dir='ltr'><strong>continuant.</strong></span> <span class='ocrx_word' id='word_1_308' title='bbox 1233 3827 1279 3863; x_wconf 91' lang='lat' dir='ltr'><strong>ne·</strong></span> 
     </span>
     <span class='ocr_line' id='line_1_36' title="bbox 55 3891 1279 3966; baseline -0.002 -17"><span class='ocrx_word' id='word_1_309' title='bbox 55 3914 112 3966; x_wconf 90' lang='lat' dir='ltr'><strong>que</strong></span> <span class='ocrx_word' id='word_1_310' title='bbox 135 3911 208 3964; x_wconf 84' lang='lat' dir='ltr'><strong>nego</strong></span> <span class='ocrx_word' id='word_1_311' title='bbox 241 3894 288 3947; x_wconf 92' lang='lat' dir='ltr'><strong>hic</strong></span> <span class='ocrx_word' id='word_1_312' title='bbox 305 3911 393 3946; x_wconf 87' lang='lat' dir='ltr'><strong>novae</strong></span> <span class='ocrx_word' id='word_1_313' title='bbox 412 3908 526 3945; x_wconf 90' lang='lat' dir='ltr'><strong>scaenae</strong></span> <span class='ocrx_word' id='word_1_314' title='bbox 548 3891 661 3944; x_wconf 90' lang='lat' dir='ltr'><strong>initium</strong></span> <span class='ocrx_word' id='word_1_315' title='bbox 683 3908 743 3944; x_wconf 88' lang='lat' dir='ltr'><strong>esse</strong></span> <span class='ocrx_word' id='word_1_316' title='bbox 760 3892 947 3960; x_wconf 81' lang='lat' dir='ltr'><strong>aptissimum3</strong></span> <span class='ocrx_word' id='word_1_317' title='bbox 974 3892 1023 3945; x_wconf 89' lang='lat' dir='ltr'><strong>sed</strong></span> <span class='ocrx_word' id='word_1_318' title='bbox 1047 3892 1120 3946; x_wconf 89' lang='lat' dir='ltr'><strong>unde</strong></span> <span class='ocrx_word' id='word_1_319' title='bbox 1143 3892 1279 3947; x_wconf 84' lang='lat' dir='ltr'><strong>eiusmodi</strong></span> 
     </span>
     <span class='ocr_line' id='line_1_37' title="bbox 54 3976 1279 4045; baseline -0.002 -11"><span class='ocrx_word' id='word_1_320' title='bbox 54 3978 263 4034; x_wconf 83' lang='lat' dir='ltr'><strong>inconstantiae</strong></span> <span class='ocrx_word' id='word_1_321' title='bbox 283 3977 406 4031; x_wconf 90' lang='lat' dir='ltr'><strong>habeant</strong></span> <span class='ocrx_word' id='word_1_322' title='bbox 424 3976 640 4045; x_wconf 82' lang='lat' dir='ltr'><strong>explicationem</strong></span> <span class='ocrx_word' id='word_1_323' title='bbox 659 3977 689 4028; x_wconf 92' lang='lat' dir='ltr'><strong>in</strong></span> <span class='ocrx_word' id='word_1_324' title='bbox 700 3976 861 4030; x_wconf 82' lang='lat' dir='ltr'><strong>universum</strong></span> <span class='ocrx_word' id='word_1_325' title='bbox 879 3977 1087 4045; x_wconf 89' lang='lat' dir='ltr'><strong>supradictum</strong></span> <span class='ocrx_word' id='word_1_326' title='bbox 1107 3980 1160 4044; x_wconf 77' lang='lat' dir='ltr'><strong>est,</strong></span> <span class='ocrx_word' id='word_1_327' title='bbox 1179 3978 1279 4032; x_wconf 89' lang='lat' dir='ltr'><strong>deinde</strong></span> 
     </span>
     <span class='ocr_line' id='line_1_38' title="bbox 54 4059 1279 4130; baseline -0.002 -12"><span class='ocrx_word' id='word_1_328' title='bbox 54 4064 104 4119; x_wconf 90' lang='lat' dir='ltr'><strong>hio</strong></span> <span class='ocrx_word' id='word_1_329' title='bbox 122 4063 201 4118; x_wconf 87' lang='lat' dir='ltr'><strong>locus</strong></span> <span class='ocrx_word' id='word_1_330' title='bbox 219 4062 307 4125; x_wconf 84' lang='lat' dir='ltr'><strong>distat</strong></span> <span class='ocrx_word' id='word_1_331' title='bbox 325 4081 340 4116; x_wconf 95' lang='lat' dir='ltr'><strong>a</strong></span> <span class='ocrx_word' id='word_1_332' title='bbox 360 4061 531 4117; x_wconf 83' lang='lat' dir='ltr'><strong>Truculento</strong></span> <span class='ocrx_word' id='word_1_333' title='bbox 555 4061 603 4124; x_wconf 90' lang='lat' dir='ltr'><strong>ita,</strong></span> <span class='ocrx_word' id='word_1_334' title='bbox 621 4064 653 4112; x_wconf 91' lang='grc'><strong>11</strong></span> <span class='ocrx_word' id='word_1_335' title='bbox 674 4062 751 4115; x_wconf 85' lang='lat' dir='ltr'><strong>Truc.</strong></span> <span class='ocrx_word' id='word_1_336' title='bbox 770 4079 806 4115; x_wconf 90' lang='lat' dir='ltr'><strong>sc.</strong></span> <span class='ocrx_word' id='word_1_337' title='bbox 823 4059 855 4113; x_wconf 89' lang='lat' dir='ltr'>H</span> <span class='ocrx_word' id='word_1_338' title='bbox 874 4063 887 4114; x_wconf 93' lang='lat'>1</span> <span class='ocrx_word' id='word_1_339' title='bbox 906 4061 990 4129; x_wconf 90' lang='lat' dir='ltr'><strong>primi</strong></span> <span class='ocrx_word' id='word_1_340' title='bbox 1008 4079 1103 4115; x_wconf 85' lang='lat' dir='ltr'><strong>versus</strong></span> <span class='ocrx_word' id='word_1_341' title='bbox 1121 4060 1177 4114; x_wconf 91' lang='lat' dir='ltr'><strong>alio</strong></span> <span class='ocrx_word' id='word_1_342' title='bbox 1196 4065 1279 4130; x_wconf 90' lang='lat' dir='ltr'><strong>atque</strong></span> 
     </span>
     <span class='ocr_line' id='line_1_39' title="bbox 53 4145 1278 4217; baseline -0.002 -15"><span class='ocrx_word' id='word_1_343' title='bbox 53 4149 105 4217; x_wconf 89' lang='lat' dir='ltr'><strong>qui</strong></span> <span class='ocrx_word' id='word_1_344' title='bbox 123 4147 292 4203; x_wconf 81' lang='lat' dir='ltr'><strong>antecedunt</strong></span> <span class='ocrx_word' id='word_1_345' title='bbox 308 4151 398 4200; x_wconf 88' lang='lat' dir='ltr'><strong>metro</strong></span> <span class='ocrx_word' id='word_1_346' title='bbox 420 4150 543 4210; x_wconf 88' lang='lat' dir='ltr'><strong>utantur,</strong></span> <span class='ocrx_word' id='word_1_347' title='bbox 561 4146 591 4198; x_wconf 90' lang='lat' dir='ltr'><strong>iu</strong></span> <span class='ocrx_word' id='word_1_348' title='bbox 608 4147 724 4214; x_wconf 84' lang='lat' dir='ltr'><strong>Epidico</strong></span> <span class='ocrx_word' id='word_1_349' title='bbox 742 4145 855 4198; x_wconf 91' lang='lat' dir='ltr'><strong>initium</strong></span> <span class='ocrx_word' id='word_1_350' title='bbox 874 4145 977 4199; x_wconf 88' lang='lat' dir='ltr'><strong>cantici</strong></span> <span class='ocrx_word' id='word_1_351' title='bbox 995 4146 1093 4199; x_wconf 86' lang='lat' dir='ltr'><strong>eodem</strong></span> <span class='ocrx_word' id='word_1_352' title='bbox 1115 4163 1170 4213; x_wconf 92' lang='lat' dir='ltr'><strong>quo</strong></span> <span class='ocrx_word' id='word_1_353' title='bbox 1182 4163 1278 4200; x_wconf 81' lang='lat' dir='ltr'><strong>versus</strong></span> 
     </span>
     <span class='ocr_line' id='line_1_40' title="bbox 55 4232 566 4287; baseline -0.01 0"><span class='ocrx_word' id='word_1_354' title='bbox 55 4232 254 4287; x_wconf 88' lang='lat' dir='ltr'><strong>antecedentes</strong></span> <span class='ocrx_word' id='word_1_355' title='bbox 272 4236 361 4286; x_wconf 87' lang='lat' dir='ltr'><strong>metro</strong></span> <span class='ocrx_word' id='word_1_356' title='bbox 380 4233 566 4286; x_wconf 88' lang='lat' dir='ltr'><strong>continuetur.</strong></span> 
     </span>
    </p>
   </div>
   <div class='ocr_carea' id='block_1_4' title="bbox 54 4330 1279 4490">
    <p class='ocr_par' dir='ltr' id='par_1_7' title="bbox 54 4330 1279 4490">
     <span class='ocr_line' id='line_1_41' title="bbox 127 4330 1277 4404; baseline -0.002 -15"><span class='ocrx_word' id='word_1_357' title='bbox 127 4337 151 4403; x_wconf 79' lang='lat'><strong>⁸)</strong></span> <span class='ocrx_word' id='word_1_358' title='bbox 168 4335 245 4404; x_wconf 76' lang='lat' dir='ltr'><strong>Quae</strong></span> <span class='ocrx_word' id='word_1_359' title='bbox 261 4334 337 4402; x_wconf 83' lang='lat' dir='ltr'><strong>leges</strong></span> <span class='ocrx_word' id='word_1_360' title='bbox 356 4336 387 4387; x_wconf 91' lang='lat' dir='ltr'><strong>ut</strong></span> <span class='ocrx_word' id='word_1_361' title='bbox 399 4333 508 4401; x_wconf 88' lang='lat' dir='ltr'><strong>possint</strong></span> <span class='ocrx_word' id='word_1_362' title='bbox 525 4332 621 4384; x_wconf 88' lang='lat' dir='ltr'><strong>aviris</strong></span> <span class='ocrx_word' id='word_1_363' title='bbox 641 4330 731 4385; x_wconf 90' lang='lat' dir='ltr'><strong>doctis</strong></span> <span class='ocrx_word' id='word_1_364' title='bbox 744 4331 905 4395; x_wconf 86' lang='lat' dir='ltr'><strong>examinari,</strong></span> <span class='ocrx_word' id='word_1_365' title='bbox 925 4349 960 4386; x_wconf 84' lang='lat' dir='ltr'><strong>ex</strong></span> <span class='ocrx_word' id='word_1_366' title='bbox 972 4332 1074 4385; x_wconf 90' lang='lat' dir='ltr'><strong>fabulis</strong></span> <span class='ocrx_word' id='word_1_367' title='bbox 1092 4332 1277 4388; x_wconf 80' lang='lat' dir='ltr'><strong>altitschelie</strong></span> 
     </span>
     <span class='ocr_line' id='line_1_42' title="bbox 54 4417 1279 4490; baseline -0.003 -16"><span class='ocrx_word' id='word_1_368' title='bbox 54 4421 239 4490; x_wconf 86' lang='lat' dir='ltr'><strong>tresvirisque</strong></span> <span class='ocrx_word' id='word_1_369' title='bbox 273 4417 358 4471; x_wconf 86' lang='lat' dir='ltr'><strong>editis</strong></span> <span class='ocrx_word' id='word_1_370' title='bbox 397 4418 498 4486; x_wconf 83' lang='lat' dir='ltr'><strong>collegi</strong></span> <span class='ocrx_word' id='word_1_371' title='bbox 522 4433 592 4484; x_wconf 88' lang='lat' dir='ltr'><strong>qnae</strong></span> <span class='ocrx_word' id='word_1_372' title='bbox 618 4417 673 4469; x_wconf 89' lang='lat' dir='ltr'><strong>huc</strong></span> <span class='ocrx_word' id='word_1_373' title='bbox 702 4418 851 4483; x_wconf 90' lang='lat' dir='ltr'><strong>pertinent.</strong></span> <span class='ocrx_word' id='word_1_374' title='bbox 895 4435 968 4471; x_wconf 87' lang='lat' dir='ltr'><strong>nova</strong></span> <span class='ocrx_word' id='word_1_375' title='bbox 989 4418 1078 4487; x_wconf 81' lang='lat' dir='ltr'><strong>igitur</strong></span> <span class='ocrx_word' id='word_1_376' title='bbox 1102 4434 1201 4476; x_wconf 88' lang='lat' dir='ltr'><strong>scaena</strong></span> <span class='ocrx_word' id='word_1_377' title='bbox 1221 4435 1279 4474; x_wconf 91' lang='lat' dir='ltr'><strong>non</strong></span> 
     </span>
    </p>
   </div>
   <div class='ocr_carea' id='block_1_5' title="bbox 0 0 1524 5220">
    <p class='ocr_par' dir='ltr' id='par_1_8' title="bbox 0 0 1524 5220">
     <span class='ocr_line' id='line_1_43' title="bbox 0 0 1524 5220; baseline 0 1"><span class='ocrx_word' id='word_1_378' title='bbox 0 0 1524 5220; x_wconf 95' lang='lat' dir='ltr'><strong> </strong></span> 
     </span>
    </p>
   </div>
  </div>
 </body>
</html>
