3038 5220
726 216 787 283 162

228 425 304 489 Iam
326 423 435 488 hercle
458 445 518 510 ego
540 421 594 486 hic
616 431 668 500 te,
692 421 784 506 quasi
807 444 861 486 sus
881 423 1013 500 catulos,
1039 420 1201 504 mulier,
1225 421 1364 511 pedibus

1062 533 1235 611 proteram.

80 702 83 708 ¹
148 628 260 713 quales
289 627 482 693 mutationes
509 626 536 690 si
565 627 636 711 quis
665 627 705 690 ad
737 626 965 711 grammaticos
997 636 1147 693 auctores
1181 626 1368 692 referendas

148 752 217 796 esse
240 729 327 814 dicit,
351 728 415 808 ,isti
438 728 567 813 quidem
590 729 699 795 hercle
722 729 890 794 orationist
912 728 1039 815 Oedipo
1061 751 1143 816 opus
1165 728 1370 794 coniectore‘.
1422 745 1424 751 ’

148 833 204 898 sed
232 854 341 898 omnes
369 831 573 896 difficultates
602 832 788 910 solvuntur,
820 833 847 894 si
877 831 929 895 hic
961 852 1088 918 quoque
1118 829 1313 918 archetypos
1338 841 1370 895 et

148 933 355 1017 Ambrosiani
383 943 415 998 et
445 933 668 998 Palatinorum
701 934 742 997 ad
771 932 939 1018 exemplar
971 931 1129 997 librorum
1161 932 1370 999 histricorum

145 1036 321 1102 recensitos
349 1057 419 1100 esse
450 1035 627 1113 credimus3
654 1035 846 1099 histrionum
877 1033 977 1111 enim,
1008 1036 1036 1098 si
1058 1034 1125 1111 cui,
1150 1035 1304 1099 intererat
1333 1043 1371 1098 ut

147 1137 354 1225 intellegendi
376 1137 525 1202 facilitati
547 1138 591 1201 ita
607 1136 826 1216 subvenirent,
849 1149 885 1203 ut
906 1135 1007 1204 verba
1022 1147 1128 1202 mente
1152 1146 1220 1201 arte
1236 1138 1368 1202 coniun-

146 1240 253 1331 genda
277 1241 374 1306 etiam
397 1240 504 1324 quoad
526 1241 595 1305 fieri
618 1253 743 1326 poterat
770 1246 917 1327 proxime
946 1239 1161 1318 collocarent3
1194 1239 1370 1306 histriones

146 1345 289 1433 animum
316 1342 539 1421 attendebant,
567 1356 603 1410 ut
625 1341 917 1431 pronuntiationem
947 1341 1136 1427 impeditam
1165 1341 1370 1426 transpositis

147 1444 254 1511 verbis
270 1444 517 1511 commodiorem
533 1445 704 1511 redderent
710 1470 719 1523 ;
742 1446 950 1512 histrionibus
967 1455 1076 1511 autem
1099 1445 1197 1510 etiarn
1215 1444 1371 1509 facillime

146 1545 292 1613 accidere
314 1548 418 1634 potuit
444 1557 481 1613 ut
511 1547 578 1611 sine
601 1548 668 1612 ulla
691 1570 798 1625 causa,
821 1547 878 1612 sed
895 1547 1049 1612 memoria
1074 1556 1199 1612 tantum
1222 1544 1371 1611 destituti

148 1649 390 1716 collocationem
405 1648 577 1714 verborum
593 1658 765 1727 mutarent,
788 1648 897 1715 verbis
913 1649 1029 1713 vicinis
1045 1649 1110 1713 alia
1126 1649 1371 1733 interponerent

147 1769 245 1837 atque
267 1752 416 1841 adeotita
437 1763 625 1838 peccarent,
649 1761 685 1816 ut
713 1764 814 1816 metro
836 1751 968 1839 quidem
991 1774 1055 1815 non
1078 1750 1281 1827 exciderent,
1311 1750 1370 1815 sed

148 1877 259 1921 versus
282 1856 387 1919 minus
409 1855 574 1944 elegantes
596 1855 785 1933 redderent,
814 1878 912 1942 quam
943 1858 1081 1941 apoeta
1103 1854 1240 1938 profecti
1264 1862 1368 1917 erant.

147 1957 203 2042 qui
231 1980 343 2023 versus
370 1957 488 2022 mutati
518 1958 647 2042 quando
675 1957 763 2045 apud
790 1957 961 2023 histriones
995 1957 1237 2022 increbruerant
1269 1967 1370 2044 atque

148 2061 421 2137 inveteraverant,
461 2059 540 2145 quid
572 2062 689 2126 mirum
728 2061 756 2126 si
789 2061 821 2122 in
856 2060 1055 2146 exemplaria
1089 2082 1216 2147 quoque
1249 2059 1370 2143 quibus

147 2160 318 2227 utebantur
332 2159 512 2226 transibant
530 2160 641 2225 eodem
658 2161 764 2240 modo,
780 2186 844 2250 qno
859 2163 892 2227 in
910 2162 1151 2250 tragoediarum
1163 2162 1367 2228 Graecarum

145 2264 243 2331 libros
265 2264 456 2329 histrionum
480 2265 589 2328 variae
610 2263 763 2330 lectiones
786 2265 1003 2330 transierunt?
1040 2265 1244 2329 diversitates
1267 2265 1370 2352 igitur

146 2368 180 2432 in
202 2367 408 2432 collocatione
427 2365 597 2431 verborum
619 2367 702 2431 inter
718 2369 921 2434 recensiones
937 2367 1174 2433 intercedentes
1189 2368 1370 2433 maximam

146 2479 271 2560 partem
299 2468 340 2535 ad
368 2469 560 2534 histrionum
590 2469 789 2556 exemplaria
816 2472 920 2534 refero
950 2480 996 2551 et,
1022 2469 1175 2557 quoniam
1202 2470 1236 2533 id
1264 2492 1370 2556 genus

147 2592 257 2638 earum
280 2573 322 2638 ab
343 2571 422 2650 illis,
445 2593 529 2656 quae
552 2593 628 2636 casu
652 2583 707 2637 aut
733 2573 1020 2658 grammaticorum
1043 2596 1140 2660 opera
1163 2583 1259 2637 natae
1284 2584 1370 2653 sunt,

147 2674 311 2763 segregari
334 2675 454 2762 nequit,
477 2673 518 2737 ad
541 2697 639 2738 unam
661 2697 771 2739 omnes
795 2676 829 2739 in
851 2676 913 2741 hoc
937 2684 1036 2760 caput
1059 2674 1266 2761 congregavi,

234 2776 275 2841 In
308 2776 551 2842 collocationem
584 2775 757 2842 verborum
790 2800 848 2862 per
881 2778 1083 2844 recensiones
1116 2778 1234 2843 mirum
1269 2800 1369 2861 quam

147 2879 308 2944 diversam
339 2879 482 2945 animum
515 2879 579 2943 iam
607 2879 747 2945 advertit
775 2880 1016 2948 Studemundus
1043 2883 1124 2949 Mas.
1147 2881 1245 2944 Rieu.
1269 2879 1367 2948 XXI

144 3003 176 3067 p.
198 2981 261 3048 581
277 3003 325 3069 sq.
348 2981 391 3046 ad
419 2983 499 3048 Trio.
522 2981 563 3046 25

232 3083 280 3151 A:
301 3083 346 3148 Et
368 3083 587 3161 conducibile3
609 3107 686 3148 nam
709 3106 769 3171 ego
790 3086 887 3152 hodie
911 3085 1051 3152 amicum
1073 3107 1182 3152 meum

231 3186 274 3251 P:
297 3185 342 3251 ut
364 3185 566 3253 conducibile
573 3212 582 3264 ;
605 3210 680 3252 nam
703 3211 765 3274 ego
786 3190 926 3253 amicum
948 3188 1046 3254 hodie
1067 3212 1175 3255 meum

144 3288 226 3355 haec
248 3289 420 3356 adnotans:
451 3289 544 3368 ,Sehr
571 3289 683 3376 hiiufig
711 3291 827 3354 weicht
856 3288 908 3354 die
932 3291 1149 3357 Palatinische
1178 3289 1365 3356 Recension

144 3415 208 3458 von
241 3392 300 3457 der
333 3392 641 3458 Ambrosianischen
673 3394 707 3457 in
734 3392 847 3478 Bezug
877 3393 936 3459 auf
960 3394 1012 3459 die
1041 3394 1279 3480 Wortstellung
1314 3394 1368 3476 ab,

145 3496 227 3560 ohne
249 3494 325 3560 dass
350 3518 426 3561 man
454 3518 512 3562 aus
539 3497 733 3562 metrischen
754 3496 821 3562 und
844 3495 1074 3583 prosodischen
1097 3496 1254 3564 Griinden
1279 3495 1370 3562 einer

144 3621 207 3666 von
230 3598 344 3665 beiden
367 3599 573 3664 entschieden
596 3599 658 3663 den
680 3599 814 3687 Vorzug
836 3600 941 3687 geben
969 3600 1098 3664 kiinnte.
1143 3598 1225 3663 Hier
1242 3598 1369 3684 jedoch

143 3703 201 3768 hat
222 3724 296 3766 man
319 3701 525 3767 entschieden
549 3703 610 3766 den
632 3703 661 3766 P
685 3726 724 3767 zu
747 3704 877 3790 folgen‘.
922 3701 978 3786 qui
1001 3702 1088 3785 quod
1111 3701 1164 3765 hic
1186 3699 1252 3764 illic
1275 3700 1368 3765 litem

142 3805 227 3870 inter
242 3804 443 3869 recensiones
464 3805 510 3868 ita
532 3805 682 3869 dirimere
699 3805 815 3883 studet,
836 3816 872 3871 ut
895 3827 966 3869 eam
981 3827 1094 3870 versus
1109 3804 1257 3880 formam,
1281 3825 1367 3889 quae

144 3906 359 3981 severioribus
386 3908 521 3972 trimetri
545 3908 664 3975 Graeci
692 3905 819 3994 legibus
841 3906 1051 3993 respondeat,
1081 3906 1260 3991 praeferat,
1287 3905 1368 3971 mihi

143 4011 274 4098 quidem
290 4010 396 4096 legem
412 4032 529 4074 novam
546 4009 603 4074 sed
624 4032 696 4074 eam
711 4032 775 4074 non
791 4008 991 4096 probandam
1013 4009 1045 4073 iu
1062 4008 1160 4074 crisin
1176 4007 1368 4077 Plautinam

145 4113 271 4181 videtur
294 4111 451 4178 intulisse.
495 4111 639 4198 disputat
661 4113 747 4176 enim
772 4136 803 4199 p.
827 4113 891 4179 604
905 4134 953 4196 sq.
976 4111 1017 4175 ad
1044 4111 1126 4178 Trio.
1149 4110 1232 4176 438:

227 4215 275 4288 A:
299 4214 388 4281 Bene
411 4214 479 4279 volt
501 4212 570 4280 tibi.
591 4215 600 4301 ll
624 4215 738 4300 edepol
760 4237 887 4280 mecum
909 4224 1058 4280 mutuum
1082 4212 1160 4278 facit

151 4399 154 4404 ¹
226 4318 269 4383 P:
292 4317 383 4383 Bene
404 4315 474 4380 volt
496 4315 563 4385 tibi.
585 4317 594 4403 l
617 4315 731 4402 edepol
755 4330 902 4383 mutuum
923 4338 1052 4381 mecum
1074 4316 1163 4381 facit.

142 4421 193 4500 ,In
214 4419 244 4486 P
265 4420 307 4484 ist
329 4419 387 4484 der
408 4417 439 4485 4.
460 4417 545 4483 Fuss
567 4420 646 4502 rein,
671 4418 728 4483 der
757 4422 787 4485 5.
811 4421 941 4498 unrein,
970 4417 1152 4504 iiberhaupt
1179 4416 1239 4481 der.
1260 4437 1366 4504 gonzo
