3038 5220
821 269 863 332 90

233 497 306 537 cum
333 473 547 558 Niemeyerus
576 496 608 560 p.
631 473 672 536 29
694 496 764 558 sqq.
794 474 899 540 locum
927 474 958 538 iu
982 473 1011 537 P
1032 484 1157 538 tantum
1180 482 1456 549 correctumesse

233 576 443 642 contenderit.

846 679 875 747 3.

316 797 439 876 Restat,
466 809 501 864 ut
533 799 572 862 de
600 685 822 863 Palatinoruni
850 799 928 864 locis
955 800 996 862 ad
1024 800 1164 863 rationes
1192 799 1324 884 proprie
1347 820 1453 884 gram·

231 903 364 967 maticas
398 903 579 968 retractatis
613 923 748 987 agamus
780 901 915 966 eandem
946 923 1090 965 normam
1120 912 1280 979 tenentes,
1310 901 1353 966 de
1380 923 1451 985 ·qua

231 1007 438 1091 exposuimus
470 1028 501 1091 p.
524 1006 574 1071 66.
608 1017 704 1086 atque
732 1004 763 1066 in
789 1002 818 1066 P
844 1003 924 1068 tales
957 1004 1132 1088 scripturas
1161 1005 1306 1068 noviciae
1340 1004 1451 1090 paullo

230 1106 357 1193 saepius
385 1107 543 1171 invasisse
565 1130 662 1191 quarn
687 1107 720 1169 in
742 1107 786 1184 A,
814 1107 929 1172 mirum
952 1128 1016 1170 non
1039 1119 1102 1186 est,
1123 1108 1243 1194 quippe
1265 1107 1322 1194 qui
1345 1116 1450 1172 aetate

230 1208 330 1295 longe·
346 1210 512 1275 inferiores
535 1210 608 1274 sint.
639 1210 748 1296 itaque
771 1209 887 1273 iterum
910 1211 1097 1289 monuerim,
1120 1233 1160 1274 ne
1183 1232 1224 1275 ex
1246 1210 1362 1274 talium
1384 1232 1450 1275 mu-

214 1312 387 1376 tationum
414 1313 595 1396 frequentia
623 1313 664 1377 de
690 1313 791 1398 ipsius
820 1313 1014 1378 recensionis
1044 1313 1148 1400 pretio
1170 1312 1327 1378 iudicium
1349 1313 1450 1398 fiat.¹)

230 1413 346 1498 collegi
368 1424 474 1478 autem
498 1415 556 1479 hos
578 1415 679 1480 locos:

278 1516 363 1580 Teuc.
386 1515 459 1583 380.
481 1516 543 1582 381

319 1620 370 1686 A:
393 1619 516 1687 Verum
540 1629 716 1706 tempestas
739 1621 901 1707 quondam
925 1621 1002 1687 dum
1025 1619 1128 1686 vivixi
1149 1619 1220 1698 fuit,

391 1721 475 1788 Ourn
496 1722 578 1787 inter
599 1746 657 1788 nos
680 1723 936 1789 sordebamus
960 1724 1040 1789 alter
1061 1723 1107 1787 de
1129 1723 1257 1788 altero

318 1824 358 1889 P:
382 1824 504 1893 Verum
526 1836 699 1911 tempestas
721 1828 852 1891 memini
875 1827 1037 1915 quondam
1060 1826 1130 1907 trit,

389 1926 472 1992 Cum
494 1929 578 1992 inter
600 1951 657 1992 nos
680 1929 932 1994 sorderemus
955 1929 1036 1994 alter
1057 1928 1186 1995 alteri.

232 2028 265 2091 in
287 2028 406 2094 iudicio
430 2031 469 2093 de
492 2030 598 2115 priore
614 2053 709 2096 versu
727 2030 875 2095 faciendo
892 2032 965 2096 nolo
982 2030 1157 2118 periclitari
1169 2029 1249 2095 nihil
1266 2029 1450 2095 effecturus.

231 2129 265 2192 in
288 2130 390 2196 altero
417 2131 478 2196 hoc
507 2132 714 2198 memorabile
742 2144 807 2212 est,
836 2135 971 2198 diversis
999 2131 1176 2197 rationibus
1203 2141 1375 2214 utramque
1404 2153 1450 2195 re

233 2232 417 2298 censionem
439 2245 646 2300 retractatam
669 2259 748 2304 esse.
793 2236 1004 2302 Ambrosiani
1027 2235 1111 2299 enim
1129 2233 1321 2319 scripturam
1344 2255 1451 2319 gram·

232 2335 350 2400 matico
373 2337 482 2402 deberi
507 2339 653 2404 dativum
680 2361 743 2404 non
767 2351 853 2405 recte
874 2338 1099 2425 interpretanti
1127 2358 1240 2402 versus
1263 2335 1328 2400 379
1350 2336 1450 2415 ,Num

232 2436 290 2502 tibi
318 2440 448 2503 sordere
478 2441 615 2506 videor?
633 2449 642 2517 l
663 2465 724 2506 non
754 2444 809 2528 pol
831 2443 909 2509 mihi
938 2442 1079 2527 quidem‘
1108 2439 1236 2513 evincit.
1280 2437 1449 2503 Palatinae

232 2551 340 2605 autem
359 2543 554 2607 recensionis
572 2556 684 2611 auctor
700 2545 912 2610 indicativum
924 2567 943 2608 a
954 2567 1033 2609 voce
1045 2568 1113 2608 cum
1125 2542 1329 2630 pendentem,
1353 2563 1449 2626 quem

230 2643 446 2730 improbabat,
464 2647 599 2712 removit
616 2647 657 2711 ad
668 2651 853 2733 posterioris
865 2648 979 2712 aetatis
996 2646 1260 2713 consuetudinem
1273 2645 1449 2712 emendans

231 2750 428 2813 sorderemua.

274 2851 385 2915 Pseud.
409 2852 471 2918 612

299 2949 365 3016 1A:
387 2953 471 3019 Non
486 2954 569 3019 acles
592 2955 751 3041 respicere
773 2966 815 3033 te,
839 2954 1042 3040 quomdicis
1064 2953 1182 3020 iniuste
1204 2953 1299 3018 alteri

318 3054 361 3118 P:
384 3056 417 3122 N
421 3078 462 3120 on
486 3058 570 3122 soles
592 3059 752 3144 respicere
775 3068 816 3135 te,
842 3079 938 3142 quom
962 3057 1050 3122 dicas
1072 3056 1189 3121 iniuste
1212 3054 1316 3134 alteri,

232 3180 371 3241 quocum
400 3160 520 3245 optime
544 3161 725 3246 comparari
743 3169 858 3246 potest,
882 3158 969 3243 quod
993 3180 1102 3224 versus
1125 3159 1199 3225 Aut.
1219 3158 1280 3223 178
1302 3158 1337 3222 in
1359 3157 1449 3223 libris

232 3261 348 3326 uostris
371 3261 507 3328 traditus
530 3273 578 3326 est

316 3364 529 3452 Praesagibat
536 3366 646 3454 mi[hi]
659 3365 784 3428 animus
795 3366 915 3428 frustra
928 3387 978 3429 me
990 3364 1044 3443 ire,
1059 3385 1157 3448 quom
1166 3361 1296 3435 exibam
1309 3362 1449 3440 domum,

233 3489 252 3530 a
275 3466 431 3534 Cicerone
454 3481 561 3535 autem
584 3472 636 3556 (de
658 3471 750 3534 dicia
773 3467 788 3530 l
811 3468 863 3543 31,
876 3467 945 3552 65)
966 3468 1012 3531 sic
1035 3466 1168 3535 citatur:

318 3570 530 3656 Praesagibat
553 3574 679 3637 animus
701 3573 822 3635 frustra
845 3592 896 3633 me
915 3571 976 3648 ire,
1000 3593 1095 3657 quom
1118 3568 1242 3634 exirem
1266 3567 1408 3643 domum,

232 3672 289 3737 ubi
325 3684 391 3738 tam
424 3674 645 3739 coniunctivus
683 3697 779 3760 quam
814 3676 967 3738 omissum
998 3672 1202 3743 verbumeni
1227 3670 1366 3746 sonasse
1390 3671 1452 3759 ipsi

232 3774 380 3840 Oiceroni
412 3798 430 3841 e
462 3777 617 3840 memoria
650 3798 778 3841 versum
812 3777 924 3840 citanti
957 3774 1099 3847 debetur.
1136 3774 1193 3841 sed
1223 3774 1257 3837 in
1278 3773 1453 3851 codicibus

233 3900 361 3962 quoque
387 3877 581 3965 quibusdam
616 3901 635 3942 a
662 3880 692 3944 P
715 3879 850 3943 diversis
873 3879 985 3944 eadem
1008 3878 1170 3963 scriptura
1192 3876 1321 3950 novicia
1344 3876 1453 3952 extitit

233 3980 331 4067 epte
356 3981 431 4059 138,
455 4004 551 4069 quem
577 3982 606 4046 P
628 3982 674 4045 sic
703 3983 850 4046 tradunt:
885 3980 1105 4068 ‚Desipiebam
1130 3978 1367 4056 mentie,„cum
1396 3978 1455 4045 illa

234 4105 433 4113 --———-.

318 4169 339 4235 ¹)
355 4167 411 4223 Vel
434 4184 466 4222 eo
490 4169 624 4237 temporis
643 4171 747 4237 spatio,
765 4168 840 4237 quod
861 4168 1012 4222 intercedit
1028 4167 1102 4219 inter
1119 4166 1245 4221 codicem
1265 4165 1400 4220 Veterem
1419 4170 1449 4220 et

233 4254 418 4308 Decurtatum
437 4253 671 4322 Ursinianumque
685 4256 821 4318 exaratos,
832 4269 920 4306 novae
929 4252 1007 4306 labes
1017 4254 1205 4318 accesserunt3
1218 4250 1296 4305 velut
1306 4250 1390 4305 Stich.
1401 4251 1456 4306 384

235 4340 299 4403 ‚iam
312 4356 364 4408 ego
376 4355 433 4392 non
444 4339 518 4393 facio
530 4339 696 4393 auctionem‘
708 4337 768 4400 AB,
779 4338 883 4407 faciam
895 4336 953 4390 OD.
973 4338 1032 4391 Cea,
1044 4334 1094 4389 Ill
1106 4339 1131 4399 4,
1145 4337 1159 4389 1
1179 4335 1258 4402 ,Viso
1276 4334 1331 4388 huc
1343 4337 1458 4390 amator

236 4425 260 4476 si
278 4425 366 4478 afore
380 4423 466 4478 rediit
478 4423 597 4477 domnm‘
611 4423 672 4489 AB,
686 4422 794 4475 redierit
806 4420 951 4476 Parisinus
965 4419 1109 4493 Gepperti.
1144 4420 1226 4476 Poea.
1238 4420 1289 4474 924
1307 4436 1390 4488 ,nuno
1402 4424 1457 4490 est,

236 4525 298 4564 oum
315 4525 361 4564 me
378 4525 535 4564 commoror
552 4511 593 4576 A;
611 4525 699 4563 moror
714 4506 747 4572 B,
764 4523 851 4560 morer
867 4504 926 4561 OD.
