3038 5220
647 188 689 251 titi

58 389 141 478 spici
161 412 226 454 non
250 399 384 475 poterat.
429 388 516 453 velut
539 403 644 475 potest
666 393 810 457 recensio
833 390 920 457 l'acta
939 414 1021 459 esec
1041 394 1144 461 Pota.
1158 394 1263 475 ΒΜ

58 493 92 556 in
114 491 143 555 P
166 503 228 557 cst:

187 594 270 660 Sunt
294 594 372 658 mibi
394 594 481 659 intus
505 594 612 659 nescio
634 609 712 683 quot
735 596 868 675 nummi,
892 599 994 663 aurei
1018 598 1224 687 lymphatici,

59 697 90 761 in
106 697 157 762 A:
180 695 264 763 Sunt
285 697 327 762 mi
352 698 459 762 neseio
480 709 558 781 quot
581 701 704 764 nummi
727 700 816 765 aurei
839 699 1064 789 lymphatici.

61 801 118 865 sed
142 821 316 885 quamnam
340 800 426 863 dices
453 801 598 865 mutandi
614 823 743 867 causam
766 802 875 879 luisse,
898 804 1074 887 quoniam
1094 816 1265 871 correctores

60 902 167 967 hiatus
190 902 370 967 studiosum
394 904 491 965 luisse
520 904 648 989 ineptus
677 917 761 969 esset
787 906 842 989 qui
871 906 1125 991 contenderet,
1153 908 1266 973 sentud

59 1018 165 1070 autem
188 1018 253 1070 tam
276 1004 375 1089 plana
397 1017 462 1087 est,
497 1018 532 1069 ut
555 1010 610 1070 vix
633 1008 825 1094 expisceris,
854 1008 935 1092 quid
966 1012 1166 1077 correctori
1195 1032 1267 1077 anm

58 1108 191 1173 dederit.
236 1107 321 1172 idem
346 1106 431 1171 valet
456 1108 496 1171 dc
519 1133 549 1173 v.
573 1110 652 1173 uu:
687 1110 739 1186 ,Et
772 1110 903 1193 quidem
933 1112 1041 1195 quasi
1073 1126 1117 1179 tu
1140 1114 1268 1180 nobiscur

57 1212 232 1275 adveniens
254 1209 350 1274 hodic
373 1213 526 1274 oraveris‘
548 1211 592 1293 P3
627 1213 660 1275 A
683 1212 800 1277 omittit
822 1213 920 1291 italie,
944 1236 1021 1301 quo
1047 1215 1168 1283 hiatus
1189 1215 1269 1283 exht't

57 1336 152 1399 porro
179 1314 264 1377 Pers.
287 1312 350 1376 392
380 1314 515 1377 fortasse
543 1337 606 1379 nou
635 1315 787 1379 ruendum
819 1313 946 1379 scribae
978 1330 1055 1401 cst,
1095 1320 1191 1405 quod
1215 1318 1270 1385 inl

58 1430 159 1481 metro
181 1415 273 1480 salvo
296 1425 385 1478 extat

210 1516 382 1582 Iribrdrum
406 1517 552 1583 eccillum
576 1520 678 1585 habeti
698 1520 830 1604 plenum
852 1519 944 1582 illum
968 1520 1156 1603 sdraeum,

58 1643 131 1685 cum
154 1619 182 1683 P
206 1619 375 1707 archetypi
398 1621 614 1709 corruptelam
637 1622 788 1708 religioso
809 1621 1039 1690 servaverint:

211 1722 382 1787 Librorum
406 1723 554 1789 eccillum
577 1723 679 1789 habeo
702 1724 832 1811 plenum
856 1745 1028 1791 soracum.

57 1826 129 1910 quis
153 1837 260 1892 autem
289 1826 366 1889 certi
394 1825 570 1909 quidquam
594 1826 754 1891 affirmare
777 1827 920 1892 audeat?
950 1827 1087 1897 deinde
1112 1852 1278 1921 persuasus

56 1928 169 2010 habeo,
193 1929 262 1993 Mu.
278 1929 353 2014 plor.
370 1929 433 1992 365
448 1926 657 1994 Ambrosiani
670 1930 857 1994 memoriam
880 1929 944 2007 ‚hic
960 1932 1055 1997 mihi
1082 1936 1175 2003 dixit
1197 1936 1231 2001 id
1248 1933 1280 2021 (il

57 2034 215 2115 incertum)
238 2054 337 2115 quae
356 2032 454 2095 ‹lixi‘
479 2031 694 2096 adulterinam
718 2054 797 2108 esse,
821 2032 877 2097 sed
900 2032 1115 2119 priusquam
1143 2060 1189 2105 ex
1214 2037 1281 2103 Pale

56 2135 197 2198 tinorum
222 2134 369 2219 apicibus
396 2135 538 2199 evidenti
561 2137 746 2199 coniectura
770 2156 882 2199 verum
914 2134 1104 2204 inventum
1135 2142 1217 2219 erit,
1240 2160 1283 2203 nu

58 2236 163 2301 audeo
186 2237 317 2301 fidenter
339 2259 443 2301 meam
466 2238 654 2302 sententiam
678 2237 783 2302 edere.
807 2250 838 2302 et
859 2236 955 2301 huius
979 2240 1083 2305 modi
1109 2242 1192 2311 alia

625 2514 697 2593 §l

142 2646 182 2711 In
198 2647 394 2712 recensendo
409 2659 606 2712 correctores
621 2648 683 2713 hoo
699 2648 847 2732 inprimis
865 2645 1045 2727 studuisse,
1065 2664 1109 2717 ut
1127 2652 1284 2723 structuris

56 2762 88 2816 et
120 2751 232 2815 formis
270 2749 490 2836 grammaticis
532 2750 675 2835 ipsorum
709 2749 908 2836 temporibus
936 2751 1003 2814 iam
1039 2754 1214 2823 obsoletis
1244 2777 1284 2821 est

56 2855 300 2931 substituerent,
329 2876 412 2938 quae
435 2876 545 2917 eorum
568 2854 681 2918 aetatis
711 2853 935 2919 consuetudini
963 2858 1238 2939 conveniebant,
1260 2859 1283 2923 iu

57 2956 317 3022 antecedentibus
351 2956 527 3019 identidem
561 2956 682 3020 dietum
711 2970 742 3021 et
770 2957 1026 3020 demonstratum
1057 2972 1126 3029 est.
1180 2962 1283 3030 sedin

57 3061 106 3124 his
129 3058 169 3123 de
190 3059 230 3123 iis
252 3067 376 3122 tantum
392 3060 470 3123 loeis
489 3058 634 3142 exposui,
657 3060 773 3142 quibus
791 3071 918 3145 praeter
940 3066 1193 3143 grammaticas
1216 3066 1282 3131 alius

56 3183 184 3249 quoque
206 3162 334 3246 generis
350 3162 543 3224 mutationes
558 3160 815 3226 observabantur
830 3161 882 3224 vel
899 3182 978 3243 quos
995 3162 1086 3229 ratio
1104 3165 1281 3257 corrigendi

56 3277 233 3329 ceterorum
271 3263 486 3328 communioni
523 3265 663 3328 inserere
705 3262 845 3328 iubebat.
901 3275 936 3328 ut
970 3263 1111 3351 largum
1148 3271 1281 3337 locorum

55 3389 224 3432 numerum
241 3387 383 3431 seorsum
399 3387 485 3430 nunc
503 3376 647 3443 tractem,
670 3365 703 3429 id
718 3388 768 3429 me
787 3366 898 3444 movit,
922 3364 1010 3452 quod
1028 3389 1140 3456 saepe
1157 3374 1280 3439 dubium

55 3481 112 3549 est,
135 3481 242 3535 utrum
265 3469 457 3533 mutationes
481 3490 567 3531 mere
589 3470 819 3553 grammaticae
849 3479 1016 3533 auctorum
1040 3473 1227 3564 utriusque
1245 3496 1281 3541 rc·

55 3572 214 3637 censionis
237 3569 447 3635 deliberatum
471 3569 638 3634 consilium
668 3568 838 3633 ostendant
867 3592 908 3633 an
939 3569 991 3634 vel
1018 3576 1281 3661 magistellorun

54 3674 234 3760 imperitiae
257 3673 309 3737 vel
331 3672 535 3737 librariorum
559 3673 721 3738 erroribus
743 3671 929 3737 debeantur.
974 3672 1066 3738 velut
1091 3678 1131 3743 in
1152 3696 1280 3767 utraque

55 3776 240 3841 recensione
262 3773 323 3837 hoc
341 3774 537 3839 diversitatis
558 3798 661 3860 genus
684 3775 761 3839 satis
784 3774 848 3839 lato
866 3787 963 3859 patet,
986 3778 1076 3860 quod
1101 3786 1281 3851 continetur

55 3881 89 3943 in
119 3876 317 3965 temporibus
351 3887 382 3940 et
410 3877 512 3940 modis
545 3876 635 3940 verbi
663 3878 703 3941 ad
727 3880 802 3942 trita
824 3878 902 3942 artis
929 3884 1178 3966 grammaticae
1202 3911 1281 3976 prae

56 3990 151 4067 cepta
178 3978 325 4056 mutatis3
358 3979 391 4042 in
425 4000 489 4064 qno
522 3989 571 4042 sat
599 4001 694 4065 saepe
729 4003 933 4046 numerorum
960 4002 1096 4065 prorsus
1133 3990 1282 4057 inem-ion

54 4086 185 4149 luerunt
207 4091 412 4146 correctores.
456 4091 492 4145 ut
513 4080 662 4168 exempla
684 4104 816 4166 ponam,
839 4105 922 4166 quae
944 4083 977 4145 in
1001 4081 1035 4146 A
1059 4089 1200 4159 rariora
1222 4116 1281 4161 esse

55 4195 306 4251 consentaneum
321 4194 378 4262 ert,
400 4183 450 4248 his
465 4183 544 4248 loeis
567 4184 599 4246 in
614 4185 648 4247 A
671 4186 899 4250 mutationibus
915 4187 1149 4272 grammaticis
1176 4220 1282 4265 versus

55 4291 211 4355 iacturam
234 4310 348 4375 passus
371 4298 433 4352 est:
458 4286 550 4351 Stich.
574 4287 636 4352 636
658 4286 702 4350 P:
730 4288 847 4365 ‚Viden
871 4288 1090 4374 benignitates
1111 4294 1283 4369 hominum

56 4392 115 4481 [ut]
139 4393 263 4479 periere
291 4401 322 4455 et
344 4391 577 4479 protbymiae‘3
611 4391 660 4475 A,
685 4402 720 4454 ut
744 4393 857 4456 modus
880 4392 1205 4478 interrogationibus
1228 4405 1282 4474 usi
