3038 5220
655 225 857 327 „re-e„-

145 427 345 496 Ritschelius
360 430 444 498 Prot
460 452 492 515 p.
505 429 700 497 LXXXIII
711 429 819 519 (Opv
830 452 861 515 p.
873 429 950 516 339)
957 427 1167 494 Ambrosiani
1177 428 1369 493 memoriam

146 532 316 618 praetulit3
340 532 398 598 sed
420 554 478 620 per
499 542 601 598 totam
624 534 814 599 latinitatem
837 534 976 618 obrepere
997 551 1071 595 cum
1095 529 1205 595 dativo
1220 529 1370 595 iunctum

147 645 205 717 est,
230 634 319 702 velut
333 635 415 700 Hor.
438 660 467 700 a
478 660 513 724 p.
531 659 563 704 v.
579 636 644 701 360
666 636 766 722 ,operi
787 635 886 721 longo
899 635 950 700 faa
964 645 1012 698 est
1027 631 1182 719 obrepere
1197 641 1369 699 somnum‘.

146 740 261 804 unicus
276 740 405 803 Poenali
426 739 578 827 prologus
594 760 667 803 cum
684 764 714 804 v.
732 738 772 802 14
786 739 924 825 obrepere
946 749 974 802 te
989 739 1147 816 ostendat,
1168 737 1267 806 simul
1282 737 1370 805 uude

146 842 181 906 in
202 840 457 907 Ambrosianum
481 843 538 908 illa
565 852 727 908 structura
753 840 935 927 pervenerit
963 851 1134 908 monstrat.
1183 842 1255 929 ipso
1282 841 1370 906 enim

146 943 200 1009 hic
226 945 380 1030 prologus
407 968 472 1009 non
502 945 660 1011 aPlauto
691 946 870 1032 profectus,
903 943 960 1008 sed
994 943 1036 1007 ad
1070 943 1202 1008 iteratas
1237 943 1370 1011 fabulae

144 1047 287 1112 actiones
308 1047 414 1113 factus
436 1057 485 1113 est
507 1046 549 1112 ab
565 1047 785 1126 histrionibus,
808 1049 865 1132 qui
886 1047 919 1111 in
939 1068 1014 1112 eum
1035 1046 1197 1133 evulgari
1220 1068 1371 1115 sermons

144 1171 228 1233 quae
250 1169 311 1214 uec
334 1148 452 1216 Plauto
474 1148 575 1235 digna
597 1172 657 1216 nec
679 1150 811 1217 omnino
832 1150 933 1214 latina
958 1161 1033 1212 sunt
1062 1147 1239 1214 identidem
1254 1151 1371 1217 intule

146 1261 238 1328 runt3
270 1272 381 1317 eorum
408 1273 526 1336 operae
554 1273 628 1317 cum
660 1273 757 1317 versu
787 1250 829 1317 14
861 1251 1005 1328 ,tacitum
1034 1262 1065 1316 te
1093 1250 1227 1337 obrepet
1254 1253 1371 1319 famss‘

147 1353 303 1419 debeatur
325 1354 463 1440 obrepere
485 1374 559 1419 cum
588 1353 774 1419 accusativo
796 1354 957 1431 iunctum,
986 1375 1091 1419 nonne
1114 1353 1214 1443 altero
1237 1377 1372 1441 quoque

144 1457 225 1534 loco,
248 1478 313 1544 quo
335 1455 403 1521 solo
424 1467 592 1542 praeterea
606 1456 778 1534 invenitur,
801 1478 843 1522 ex
866 1455 1005 1520 histricia
1019 1456 1260 1545 exemplaribus
1284 1459 1373 1525 hanc

145 1559 416 1625 constructionem
434 1571 626 1644 repetemus,
644 1581 717 1624 oum
734 1560 836 1624 altera
851 1559 995 1624 recensio
1011 1559 1083 1624 usui
1098 1559 1230 1646 linguae
1245 1560 1372 1628 latinae

143 1660 342 1730 satisfaciat?
371 1664 479 1727 versui
498 1674 607 1729 autem
636 1665 716 1731 Tria.
738 1666 802 1731 974
828 1662 945 1746 ,Nimis
968 1677 1081 1748 argute
1096 1702 1122 1712 -
1139 1661 1315 1747 obrepsisti
1335 1666 1372 1731 in

143 1786 239 1851 eapse
261 1766 508 1847 occasiuncula‘,
532 1788 631 1851 quem
653 1767 851 1832 Ritschelius
874 1766 994 1831 inserto
1021 1789 1069 1830 me
1090 1766 1183 1833 hiatu
1204 1766 1370 1854 liberavit,

143 1868 235 1933 aliter
256 1867 509 1935 succurrendum
531 1891 601 1935 esse
624 1871 685 1936 viri
708 1869 794 1935 docti
816 1869 941 1936 dudum
964 1868 1123 1935 viderunt

186 1973 279 2039 Mero.
301 1971 364 2036 521

228 2072 279 2138 A:
302 2073 416 2140 Bonas
438 2074 546 2140 hercle
569 2085 601 2140 te
623 2076 712 2161 frugi
735 2073 874 2139 arbitror

229 2176 271 2240 P:
294 2175 420 2241 &nam
443 2177 552 2242 hercle
576 2189 605 2242 te
629 2189 661 2242 et
682 2176 768 2263 frugi
789 2175 937 2254 arbitror,

145 2277 200 2343 ubi
221 2278 445 2346 Palatinorum
467 2280 627 2366 scriptura
648 2278 859 2345 histrionibus
882 2278 1026 2345 debetur.

186 2382 255 2445 Md.
276 2383 352 2467 plia.
375 2381 438 2446 745

229 2484 278 2550 A:
300 2484 498 2550 Serviendae
521 2485 668 2550 servituti
691 2507 752 2572 ego
775 2507 885 2549 servos
908 2485 1048 2549 instruxi
1071 2484 1160 2561 mihi,

296 2585 441 2674 Hospes,
473 2610 538 2652 non
570 2587 626 2671 qui
660 2588 703 2652 mi
733 2587 945 2672 imperarent,
982 2587 1141 2674 quibusve
1172 2610 1234 2673 ego
1262 2610 1368 2655 essem

1111 2689 1281 2760 obnoxius.

145 2790 232 2877 quod
253 2791 283 2855 P
304 2790 460 2876 praebent
484 2791 631 2856 servienti
651 2791 828 2876 (Servieatir
848 2791 896 2873 D)
918 2796 1055 2857 normate
1076 2791 1161 2858 redit
1183 2792 1226 2858 ad

294 2892 472 2959 servientis
495 2895 682 2958 servitutem
705 2914 765 2977 ego
787 2915 896 2959 servos
918 2893 1059 2960 instruxi
1082 2894 1171 2959 mihi.

143 2995 352 3061 Ambrosiani
383 2995 577 3081 scripturam
613 2997 787 3082 genuinam
825 2997 924 3062 fuisse
958 3019 1042 3086 quae
1081 3010 1260 3080 sequuntur
1296 3017 1368 3065 sen·

143 3096 264 3161 tentiae
292 3097 405 3163 finales
435 3099 554 3184 optime
584 3097 755 3185 participio
781 3099 880 3165 futuri
909 3098 1031 3184 passivi
1055 3098 1290 3186 respondentes
1314 3101 1368 3166 de·

143 3207 331 3267 monstrant.
375 3200 597 3265 Palatinarum
624 3200 818 3286 scripturam
845 3202 871 3265 si
899 3202 941 3266 ad
968 3203 1244 3288 grammaticos
1266 3205 1368 3270 refers

144 3323 318 3388 quamnam
340 3301 428 3367 dices
451 3303 597 3368 mutandi
619 3324 749 3369 causam
772 3304 893 3370 fuisse?

229 3404 298 3472 Mil.
320 3407 396 3491 plor.
418 3408 481 3472 567
502 3405 552 3469 A:
574 3404 661 3470 Dato
683 3407 936 3474 excruciandum
958 3429 1009 3471 me

507 3509 549 3573 P:
572 3508 659 3573 Dato
682 3509 903 3574 excruciatum
925 3532 987 3586 me,

143 3627 317 3702 utrumque
339 3611 542 3690 Plautinum3
576 3613 615 3678 cs.
639 3613 731 3676 Pom.
757 3611 839 3676 1302
866 3610 950 3694 ,Iam
972 3610 1079 3676 hercle
1108 3632 1169 3697 ego
1191 3611 1290 3675 illunc
1314 3633 1368 3676 ex-

145 3716 355 3780 cruciandum
382 3724 484 3780 totum
514 3714 668 3779 carnufici
690 3715 785 3780 dabo‘
808 3714 882 3793 AP;
917 3716 989 3781 Aul.
1013 3713 1076 3777 250
1103 3713 1150 3792 ,Si
1171 3712 1281 3779 hercle
1306 3736 1368 3802 ego

146 3830 176 3884 te
199 3840 262 3881 non
286 3817 516 3903 elinguandam
538 3817 682 3896 dedero‘3
716 3819 812 3904 Epic.
838 3817 897 3881 121
927 3815 1042 3900 ,Quem
1070 3815 1201 3900 quidem
1228 3837 1291 3902 ego
1313 3816 1368 3883 bo

144 3920 263 3984 minem
285 3920 461 4006 inrigatum
482 3921 589 4007 plagis
616 3921 728 4006 pistori
752 3920 864 4003 dabo‘3
896 3919 982 4006 capr.
1009 3919 1072 3984 658
1100 3917 1200 3996 ,Num
1227 3917 1367 4006 ligatum

144 4022 317 4109 (lignatum
339 4025 441 4110 codd.)
464 4023 652 4089 mittimur?‘

232 4125 290 4192 Sat
317 4126 426 4190 multis
453 4127 532 4191 locis
560 4125 746 4202 histriones,
778 4136 814 4190 ut
840 4124 937 4191 hodie
968 4145 1096 4209 quoque
1123 4125 1231 4189 facere
1253 4123 1366 4204 solent,

147 4249 207 4293 sua
228 4227 361 4290 inventa
383 4250 507 4292 summa
529 4250 603 4293 cum
624 4227 753 4293 licentia
769 4227 875 4293 verbis
898 4243 1011 4315 poetae
1034 4226 1255 4304 subiecerunt,
1278 4225 1367 4312 quod

147 4351 244 4414 saepe
266 4338 333 4393 tam
351 4329 429 4392 scite
451 4329 573 4393 factum
596 4352 667 4394 esse
682 4330 817 4409 videbis,
839 4342 876 4397 ut
897 4332 1046 4416 quamvis
1061 4330 1144 4395 inter
1165 4351 1201 4394 ae
1218 4329 1366 4395 diversae

147 4434 212 4496 sint
234 4452 386 4497 versuum
406 4430 529 4497 formae
551 4432 640 4498 nullo
661 4432 781 4498 indicio
802 4434 930 4501 illorum
952 4434 1130 4501 tentamina
1156 4432 1281 4525 possint
1304 4432 1365 4503 dis·
