3038 5220
648 258 849 359 Q„-
883 304 886 312 .

141 465 209 530 sola
226 464 426 550 comparatio
440 475 473 552 et
488 465 668 530 aestimatio
684 464 832 530 codicum
852 462 1056 529 Ambrosiani
1078 473 1111 528 et
1124 462 1355 545 Palatinomrn,

141 567 197 652 qui
225 566 377 637 nimirum
407 566 438 631 in
467 566 591 633 ambitu
618 578 651 632 et
678 566 875 654 argumentis
904 588 1093 631 scaenarum
1115 564 1150 629 in
1172 565 1359 630 universum

142 669 184 733 ad
199 691 299 734 ruram
321 668 519 753 eandemque
542 669 761 736 recensionem
784 670 930 735 redeunt.
952 667 1072 733 sufficit
1092 667 1193 754 igitur
1214 679 1359 753 repetere

57 808 60 812 ·
142 771 229 858 qnod
257 770 334 835 satis
362 770 527 858 cognitum
557 785 605 842 est
632 772 758 838 codices
786 783 913 836 nostros
940 770 1107 836 Plautinos
1134 790 1207 834 eam
1235 791 1360 857 reprae-

141 883 267 939 sentare
296 872 478 938 fabularum
509 874 731 941 condicionem
753 896 792 940 ae
815 872 965 959 speciem,
987 873 1021 937 in
1045 893 1140 961 quam
1164 871 1207 936 ad
1228 871 1359 937 iteratas

127 966 282 1041 'actiones
311 975 461 1041 redactae
489 979 624 1064 erant.¹)
652 999 693 1056 ex
721 977 784 1041 hoo
812 976 912 1061 igitur
928 977 1016 1041 sonte
1038 996 1103 1040 non
1119 995 1233 1060 pauca
1253 972 1288 1039 in
1311 997 1359 1040 co

140 1078 229 1144 dices
261 1089 387 1145 nostros
420 1078 630 1156 transierunt,
663 1097 746 1166 quae
779 1078 909 1143 aliunde
942 1076 1089 1163 depromi
1121 1098 1187 1142 non
1213 1088 1358 1163 poterant

49 1211 52 1220 ·
139 1180 376 1264 Steffeuiusque
403 1180 423 1245 l.
447 1203 473 1246 c.
497 1180 667 1267 diligenter
687 1180 876 1265 composuit.
920 1178 1078 1269 equibus
1103 1178 1234 1266 singula
1260 1200 1355 1264 quae

141 1283 216 1349 dam
238 1305 325 1348 nunc
347 1284 379 1348 in
403 1304 540 1347 examen
563 1283 711 1348 vocanda
731 1292 832 1348 erunt.

224 1385 429 1452 Histrionum
446 1386 621 1471 plurimum
643 1387 795 1451 interesse
819 1383 967 1465 debebat,
992 1392 1028 1449 ut
1049 1404 1264 1472 quaecuuque
1287 1406 1359 1450 cum

139 1488 181 1552 ad
207 1475 335 1553 fabulas
363 1498 432 1552 tum
459 1489 501 1552 ad
528 1488 672 1575 ipsorum
704 1499 813 1573 partes
836 1487 979 1574 agendas
1000 1485 1198 1573 pertinerent
1230 1509 1360 1553 accura-

140 1590 316 1670 tissimein
339 1589 578 1677 exemplaribus
600 1590 743 1656 indicata
766 1603 879 1656 essent.
923 1611 963 1654 ac
984 1588 1160 1654 rectissime
1181 1588 1361 1654 Wilmann·

141 1693 206 1757 sins
223 1693 244 1756 l.
266 1714 294 1757 c.
309 1691 393 1765 dixit
413 1691 662 1757 didascaliorum
685 1694 717 1757 in
741 1692 923 1757 comoedias
947 1690 1082 1757 Latinas
1104 1690 1360 1778 compositorum

140 1816 213 1874 eam
239 1804 365 1880 partem
398 1817 481 1879 quae
509 1795 551 1859 ad
585 1794 697 1860 modos
725 1794 865 1860 musicos
894 1794 1075 1879 pertinebat
1110 1807 1221 1882 aperte
1249 1793 1362 1860 deberi

141 1897 380 1982 exemplaribus
410 1897 565 1975 histrieis3
600 1919 664 1981 qno
692 1897 811 1962 maiore
845 1897 914 1962 iure
937 1897 964 1962 si
993 1919 1077 1981 quae
1099 1895 1257 1962 eiusmodi
1287 1897 1362 1962 libri

142 1999 353 2087 manuscripti
380 1999 411 2063 in
441 1999 520 2085 ipsis
545 1990 666 2065 ¹fabulis
693 1998 850 2085 praebent
881 2000 923 2064 ad
946 2000 1084 2065 eundem
1104 2001 1224 2065 fontem
1247 2002 1363 2066 refere-

140 2125 220 2170 mus.
249 2101 291 2166 ad
317 2101 500 2166 fabularum
528 2117 635 2167 autem
659 2103 818 2188 actionem
841 2101 1024 2188 gravissimi
1048 2104 1199 2168 momenti
1222 2103 1285 2167 tuit
1305 2102 1363 2168 illa

141 2208 325 2298 οημείωσις,
359 2226 423 2287 qua
456 2202 640 2269 fabularum
669 2227 781 2269 versus
809 2206 917 2270 cantui
947 2204 1098 2269 destinati
1126 2227 1145 2269 a·
1172 2204 1363 2271 recitatione

142 2306 421 2393 distinguebantur
442 2310 526 2373 notis
548 2307 611 2372 illis
637 2307 664 2373 0
675 2318 707 2372 et
694 2307 798 2372 tDV.
822 2308 913 2372 euius
936 2329 1009 2372 eum
1033 2329 1073 2372 ne
1096 2306 1270 2392 vestigium
1293 2309 1362 2395 qui·

141 2409 246 2474 dem
237 2432 271 2472 m
293 2410 403 2475 codice
420 2412 576 2497 rescripto
592 2409 739 2474 relictum
759 2412 876 2495 esse²)‚
900 2409 1029 2475 crebras
1052 2431 1128 2476 vero
1152 2410 1307 2495 reliquias
1330 2422 1362 2477 et

142 2512 176 2581 in
191 2511 284 2577 BOD
300 2523 412 2578 extare
434 2523 465 2577 et
487 2534 561 2577 oum
584 2512 647 2576 fide
670 2534 772 2597 usque
795 2513 837 2577 ad
860 2512 1023 2577 saeculum
1047 2513 1176 2577 tertium
1198 2512 1361 2580 decimum

141 2626 336 2701 propagatas
364 2637 433 2680 esse
461 2615 493 2679 in
522 2614 633 2679 codice
654 2613 872 2680 Ambrosiano
894 2614 925 2679 Ε
947 2615 1001 2702 (ef.
1024 2615 1151 2682 Goetaii
1174 2614 1362 2702 Loewiique

135 2719 239 2804 praef.
262 2720 350 2782 Asin.
373 2741 404 2802 p.
426 2717 537 2802 XIII)
565 2719 723 2796 sciamus,
759 2718 824 2783 iam
853 2740 937 2782 nova
959 2717 1181 2784 observatione
1203 2720 1361 2804 firmatur,

141 2821 227 2904 quod
258 2820 373 2904 eapitis
399 2820 533 2884 secundi
557 2821 764 2906 paragrapho
786 2821 880 2885 tertia
902 2820 1034 2886 ineunte
1057 2820 1360 2898 demonstravimus,

141 2921 306 2986 Palatinos
324 2923 367 2987 ad
389 2923 594 3009 integriorem
618 2934 649 2987 et
664 2923 887 2988 vestustiorem
905 2922 1117 3007 archetypum
1141 2923 1247 2988 redire
1262 2947 1360 3008 quam

142 3023 275 3087 alteram
298 3025 527 3092 recensionem.

225 3127 328 3192 Aliud
361 3126 552 3214 Spengelius
592 3128 625 3191 in
659 3128 942 3203 commentatione,
983 3128 1035 3192 oui
1077 3128 1270 3215 inscriptum
1312 3142 1361 3195 est

140 3229 345 3304 ,Scenentitel
373 3229 439 3295 und
468 3228 762 3314 Scenenabteilnng
794 3231 828 3293 in
851 3230 908 3294 der
940 3229 1148 3295 lateinischen
1171 3229 1356 3297 Comoedie‘

144 3330 194 3415 (in
223 3331 489 3417 Sitzunpsberiebte
518 3333 547 3396 d.
572 3332 692 3398 Mtinclr.
715 3333 817 3399 Akad.
836 3332 1060 3418 philea-philol.
1085 3357 1113 3398 u.
1134 3333 1235 3400 histor.
1250 3333 1361 3398 Kloaae

143 3432 225 3496 1883
242 3433 326 3520 Hp.
343 3434 549 3518 257-298),
568 3433 730 3518 sagaciter
746 3433 982 3501 animadvertit.
1017 3433 1140 3498 monuit
1163 3434 1248 3499 enim
1264 3437 1361 3500 veris·

141 3535 220 3598 sime
253 3549 394 3600 veterem
427 3535 625 3600 comoediam
651 3556 858 3622 personarum
888 3558 972 3620 quae
1007 3536 1041 3600 in
1063 3557 1180 3600 scaena
1204 3538 1361 3623 produce·

141 3634 257 3700 bantur
286 3636 416 3701 nomina
445 3637 524 3701 nihil
552 3659 696 3720 curasse,
726 3637 783 3702 sed
806 3660 847 3703 ex
874 3638 1014 3725 partium
1036 3660 1117 3722 quas
1140 3651 1265 3704 actores
1288 3663 1361 3727 age·

229 3840 248 3907 ¹)
266 3840 307 3894 Gi.
326 3839 360 3895 G.
379 3840 467 3895 Goetz
485 3841 689 3910 Dittoqropltien
707 3843 742 3893 im
760 3842 928 3895 Plautusteat
945 3842 975 3894 in
993 3843 1051 3896 Act.
1069 3859 1121 3896 soc.
1137 3845 1206 3913 ptr't.
1224 3843 1298 3915 Lipe.
1319 3845 1362 3900 VI

142 3944 168 3996 p.
188 3926 239 3981 235
257 3942 315 3992 sqq.
343 3925 373 3979 C.
392 3923 526 3979 Dziatzko
550 3925 620 3978 Mus.
642 3925 693 3978 er.
712 3923 787 3978 XXI
804 3943 832 3994 p.
850 3927 884 3980 92
902 3943 960 3993 sqq.
978 3926 1072 3992 Prues.
1091 3927 1196 3980 Pluma
1220 3945 1246 3996 p.
1263 3929 1303 3984 18.
1330 3929 1361 3984 O.

145 4010 252 4067 stetten
273 4011 315 4064 Dc
333 4019 414 4064 octor.
433 4012 460 4063 in
474 4010 534 4080 sub.
556 4010 657 4063 Terent.
674 4027 779 4063 numero
802 4019 826 4062 et
849 4011 1028 4064 distributione
1045 4011 1076 4064 in
1092 4011 1149 4065 Act.
1167 4029 1219 4066 soc.
1237 4012 1312 4084 Lips.
1330 4013 1363 4069 II

140 4115 167 4165 p.
187 4097 242 4152 150.
262 4096 311 4151 152
329 4112 368 4163 sq.
387 4094 546 4148 Wilmanns
568 4095 610 4148 De
628 4097 728 4149 diduco.
752 4096 852 4150 Terent.
871 4097 963 4152 Berol.
983 4098 1050 4152 1864
1066 4113 1094 4164 p.
1109 4097 1142 4152 63
1161 4113 1200 4164 sq.

226 4198 249 4267 ³)
270 4197 341 4252 Vide
358 4215 413 4265 qua
429 4195 540 4266 argutia
556 4195 737 4264 Niemeyerus
758 4197 813 4251 hoc
834 4202 1030 4268 argumentum
1052 4196 1223 4267 redarguere
1244 4203 1363 4254 eonem

141 4302 167 4352 p.
185 4285 219 4338 55
237 4301 276 4351 sq.
299 4282 340 4336 sic
361 4281 520 4350 disputans:
548 4281 634 4349 ‚atqui
656 4281 814 4348 quaerimus
832 4283 927 4349 exiis,
949 4282 997 4350 qui
1014 4281 1234 4336 Ambrosianum
1256 4282 1363 4338 librum

141 4367 280 4433 viderunt,
293 4366 422 4435 quotiens
436 4381 597 4419 scaenarum
609 4365 867 4435 superscriptiones,
880 4367 910 4420 in
927 4367 1028 4435 quibus
1045 4366 1110 4421 illae
1128 4369 1361 4437 notaeetrpoeta·

141 4455 246 4525 rentur,
264 4451 388 4511 dilucide
404 4450 499 4527 legere
515 4451 677 4523 potuerint‘.
