3038 5220
803 195 825 264 4

714 288 914 300 Q

251 402 360 471 lutuno
381 400 452 470 abis
474 401 532 468 tu?
554 399 634 490 [abit
655 401 820 492 profecto]
844 424 930 470 nuno
952 403 1085 469 oonsilio
1109 427 1185 470 sano
1209 420 1303 492 opust

247 504 365 595 turrito
387 501 558 591 ahilerunt.
603 502 678 569 vide
700 503 873 586 Gelasimo,
897 504 976 591 quid
1000 505 1159 590 capturu's
1183 507 1304 575 consili.

292 606 438 693 lienique
474 607 506 670 in
546 606 651 692 priore
690 604 858 669 Trinunsmt'
896 604 1036 670 editione
1073 603 1114 666 ad
1149 627 1261 669 versus
1299 610 1416 673 cantici

203 708 383 777 att—stt
405 705 644 774 constituendos
671 706 873 771 coniunctam
901 703 1106 770 Ambrosiani
1133 717 1165 769 et
1197 705 1415 775 Palatinorum

203 811 388 880 rurornoriam
413 808 577 887 adhibuit,
605 805 637 868 in
665 803 766 870 altera
793 806 911 871 rectius
939 805 972 869 in
995 803 1062 869 solo
1084 806 1303 876 Ambrosiano
1325 814 1415 876 nisus

201 936 313 981 versus
343 911 513 998 discripsit
568 928 672 992 neque
702 908 787 971 enim
815 908 1033 994 perseveravit
1061 908 1093 971 in
1123 931 1162 973 ea
1194 932 1291 997 quam
1321 912 1415 978 modo

200 1014 391 1085 atltuuhravi
425 1011 595 1090 sententia,
629 1007 685 1072 sed
713 1030 776 1094 quo
811 1010 917 1094 magis
950 1009 1042 1073 crisis
1069 1008 1240 1076 Plautinae
1274 1012 1412 1078 indolem

201 1117 380 1205 perspexit,
410 1136 470 1199 ego
493 1112 595 1195 magis
617 1109 659 1175 ab
682 1109 742 1175 hoc
764 1110 884 1176 iudicio
900 1110 1083 1176 declinavit.
1122 1135 1261 1200 namque
1285 1116 1412 1180 cumin

201 1219 416 1307 (translatum
445 1213 606 1280 volumine
633 1211 733 1277 altero
766 1214 880 1278 iterum
911 1212 1081 1302 epistulam
1108 1214 1211 1298 illam,
1246 1239 1342 1303 quam
1371 1218 1413 1282 ad

197 1320 419 1387 llortnaunum
436 1316 568 1400 triginta
584 1315 676 1378 annis
699 1324 773 1379 ante
796 1317 979 1402 scripserat,
1002 1315 1124 1399 ederet,
1148 1319 1182 1382 in
1204 1318 1410 1383 adnotatione

198 1423 273 1509 (llp.
285 1421 339 1509 pt.
363 1417 490 1503 11193)
512 1414 640 1480 disertis
663 1416 772 1481 verbis
788 1417 949 1504 professus
973 1429 1020 1483 est
1042 1441 1076 1484 se
1099 1420 1164 1485 iam
1180 1442 1217 1485 eo
1238 1418 1412 1485 adductum

196 1547 279 1605 esse,
304 1533 338 1588 nt
360 1519 576 1586 recensionem
599 1517 780 1584 fabularum
803 1518 1024 1586 Plautinarum
1046 1521 1190 1588 consulto
1217 1522 1335 1587 factam
1363 1533 1413 1587 sat

197 1625 304 1693 multis
333 1623 411 1690 locis
438 1621 667 1707 agnosceret.¹)
711 1623 788 1708 quin
816 1645 853 1687 eo
881 1645 1070 1710 progressus
1098 1636 1160 1708 est,
1191 1636 1225 1688 ut
1252 1624 1411 1690 eiusmodi

197 1726 390 1794 recensionis
415 1723 543 1790 diversa
567 1723 765 1811 exemplaria
794 1727 1029 1810 repraesentari
1057 1724 1168 1791 codice
1196 1728 1351 1813 rescripto
1380 1736 1411 1791 et

194 1829 351 1896 Palatinis
379 1826 469 1892 libris
496 1826 672 1891 rectissime
695 1825 909 1910 intellegeret3
940 1825 974 1891 id
996 1826 1082 1912 quod
1107 1848 1282 1911 cognosces
1304 1850 1346 1892 ex
1361 1828 1410 1905 iis,

115 2008 120 2019 ,
193 1954 276 2019 quae
300 1929 475 2017 disputavit
497 1929 531 1992 in
555 1927 757 1992 Fleckeiseni
778 1929 939 1992 canalibus
968 1928 1050 1996 1868
1072 1952 1103 2016 p.
1128 1927 1191 1994 342
1211 1960 1256 1989 =
1281 1929 1338 2016 Op.
1355 1931 1409 2016 pls.

192 2033 243 2098 ΙΙΙ
262 2034 364 2117 791⁹),
388 2053 452 2118 quo
468 2029 580 2095 ecdem
602 2028 672 2094 loco
692 2030 732 2096 de
750 2029 975 2096 recensionum
986 2033 1090 2118 pretio
1108 2042 1140 2097 et
1157 2034 1347 2098 auctoritate
1363 2033 1409 2097 ita

193 2136 325 2217 iudicat,
350 2145 385 2199 ut
407 2133 587 2199 Palatinam
607 2132 829 2197 recensionem
851 2156 913 2198 non
938 2157 1001 2199 uno
1023 2133 1151 2199 nomine
1175 2134 1409 2199 Ambrosianus

191 2250 355 2325 praestare
388 2235 553 2302 concedat.
603 2234 702 2300 nihilo
729 2236 828 2300 setius
856 2238 889 2301 in
917 2237 1104 2301 recensione
1131 2235 1337 2320 agnoscenda
1364 2237 1408 2300 in-

194 2341 390 2405 constantior
418 2338 480 2404 fuit
506 2338 538 2402 in
562 2336 663 2402 altera
691 2337 873 2402 Trinummi
901 2337 1051 2403 editione.
1095 2359 1170 2402 nam
1198 2360 1238 2402 ne
1265 2360 1407 2422 urgeam,

171 2443 278 2529 ·qnod
300 2441 446 2530 pluribus
469 2441 547 2507 locis
570 2439 829 2505 retractationem
851 2439 971 2504 factam
993 2461 1064 2504 esse
1086 2462 1149 2506 non
1169 2439 1406 2523 animadvertit,

189 2546 223 2608 in
251 2545 419 2608 Trinummi
438 2567 469 2609 v.
487 2543 557 2625 186,
582 2541 638 2608 ubi
660 2541 783 2629 duplex
803 2541 837 2606 in
854 2544 883 2606 A
899 2543 1032 2609 mutatio
1054 2540 1160 2627 efficit,
1185 2553 1219 2608 ut
1242 2542 1282 2608 de
1297 2566 1404 2608 recen·

189 2647 279 2711 sione
316 2645 403 2710 facta
435 2645 577 2712 dubitari
609 2636 765 2731 nequeat,
800 2643 995 2711 Ritschelius
1028 2643 1123 2710 nimis
1156 2657 1250 2711 caute
1283 2646 1410 2711 addidit

189 2759 256 2831 ,aut
283 2770 390 2813 errore
417 2760 473 2813 aut
501 2770 519 2813 e
546 2749 742 2813 correctione
769 2748 914 2813 metrica‘
940 2748 1001 2812 hoc
1023 2759 1134 2812 natum
1159 2770 1238 2813 esse.
1282 2748 1322 2814 de
1346 2748 1410 2813 dis-

189 2849 328 2915 tinendis
345 2850 429 2914 inter
449 2873 484 2915 se
506 2849 706 2915 diversarum
722 2854 944 2916 recensionem
955 2851 1122 2937 seripturis
1139 2873 1180 2916 ne
1195 2850 1261 2918 illic
1276 2853 1407 2939 quidem

80 3011 82 3015 ,
191 2952 321 3018 disertis
331 2952 441 3019 verbis
457 2952 612 3019 iudicium
628 2953 720 3030 fecit3
742 2954 776 3017 in
792 2954 977 3019 universum
995 2963 1113 3030 autem,
1129 2976 1170 3018 ne
1186 2952 1406 3042 discrepantes

190 3163 390 3173 ———--—-

273 3295 292 3358 ¹)
311 3290 390 3356 ,Dass
407 3289 454 3344 ich
466 3290 527 3346 hier
543 3291 575 3344 in
586 3290 636 3346 der
647 3291 831 3363 Vernsinnng
846 3293 926 3363 jeder
945 3293 1160 3349 recensirenden
1171 3293 1342 3364 Th‘atigkeit,
1361 3295 1406 3348 die

185 3377 239 3430 mit
251 3376 440 3431 Bewusstsein
456 3376 514 3431 und
525 3377 647 3432 Absicht
658 3381 752 3449 gsiibt,
770 3379 959 3450 gelegentlich
970 3379 1030 3433 sich
1042 3378 1112 3432 auch
1129 3379 1179 3433 auf
1193 3378 1242 3433 das
1253 3379 1404 3434 Metrische

187 3463 345 3517 erstrseken
371 3465 489 3528 maeste,
516 3461 588 3516 doch
613 3481 647 3517 zu
670 3465 735 3518 weit
765 3482 911 3535 gegangen
938 3481 1003 3530 war,
1029 3464 1134 3519 konnte
1159 3463 1214 3517 mir
1237 3465 1330 3532 spitor
1358 3462 1403 3515 bei

185 3548 236 3602 der
253 3548 408 3602 kritisehen
429 3547 621 3617 Bearbeitung
643 3547 693 3602 der
716 3548 859 3604 einzelnen
877 3548 982 3604 Stiioke
1005 3547 1085 3602 nicht
1108 3549 1260 3617 verborgen
1282 3544 1404 3610 bleiben,

186 3649 230 3686 wo
247 3631 386 3702 Beispiele
402 3648 496 3701 genug
512 3648 561 3684 ans
579 3631 665 3686 Licht
680 3636 810 3703 getreten
828 3633 906 3687 sind!

269 3736 291 3803 ²)
308 3734 367 3799 ,Boi
390 3735 577 3802 eingehender
598 3735 656 3789 und
679 3734 886 3804 unbefangener
903 3732 1095 3804 Batrachtnng
1120 3733 1205 3804 [muss
1231 3729 1301 3802 sich]
1324 3732 1404 3784 mehr

184 3818 242 3873 und
263 3820 342 3874 mehr
364 3820 410 3874 die
427 3804 633 3889 liberzmgung
656 3818 737 3873 Bahn
759 3818 888 3885 brechen‚
912 3819 974 3873 dass
995 3814 1069 3874 zuar
1090 3819 1121 3873 in
1144 3818 1241 3884 allam,
1266 3833 1321 3870 was
1343 3815 1403 3869 sich

185 3905 235 3958 auf
244 3904 297 3958 den
315 3904 491 3960 natiirlichen
501 3904 614 3974 Voraug
625 3903 702 3959 einer
714 3901 1041 3974 sechshnndertjihrigsn
1053 3903 1284 3974 Altersprioritit
1291 3900 1402 3955 zurick·

185 3988 286 4043 liihren
304 3989 381 4056 lissi,
393 3990 442 4044 der
457 3989 627 4058 Palimpsest
638 3986 795 4056 unbedingt
815 3987 884 4041 iiber
896 3987 950 4041 den
962 3988 1173 4043 Palatinisohen
1183 3986 1405 4042 Handsohrilten

183 4073 265 4140 steht,
284 4090 319 4127 an
344 4072 404 4128 sich
422 4073 547 4144 dagegen
569 4073 614 4127 die
632 4073 686 4127 den
703 4073 837 4127 letzteren
855 4090 888 4126 zu
907 4071 1022 4127 Grunde
1044 4073 1172 4144 liegende
1197 4071 1405 4142 Textesgestslt

181 4157 261 4211 nicht
277 4161 349 4212 etwa
365 4177 418 4212 nur
436 4158 490 4213 den
507 4159 635 4228 gleichen
652 4157 735 4227 Rang
751 4156 805 4211 mit
822 4155 872 4210 der
889 4157 938 4211 des
956 4158 1140 4228 Palimpsests
1158 4159 1322 4228 behauptet,
1341 4173 1403 4210 son·

182 4243 251 4296 dern
269 4243 408 4312 siolfaltig
425 4245 486 4297 eine
504 4242 684 4298 entschieden
706 4241 825 4308 echtere,
843 4242 907 4297 weil
924 4259 980 4296 von
997 4233 1212 4311 recensirender‚
1230 4237 1405 4298 ¹n'amentlich

181 4327 377 4408 abglittender
402 4329 459 4381 und
485 4327 534 4382 das
555 4326 792 4382 Alterthiimliche
814 4326 1036 4382 verwischender
1059 4327 1225 4398 Thitigkeit
1249 4327 1335 4382 freicr
1359 4343 1406 4396 ge·

180 4410 308 4466 bliebene
326 4396 544 4484 liberlielerung
565 4410 724 4467 darbiatet.‘
1234 4416 1236 4421 '
