<?xml version="1.0" encoding="UTF-8"?>
<!DOCTYPE html PUBLIC "-//W3C//DTD XHTML 1.0 Transitional//EN"
    "http://www.w3.org/TR/xhtml1/DTD/xhtml1-transitional.dtd">
<html xmlns="http://www.w3.org/1999/xhtml" xml:lang="en" lang="en">
 <head>
  <title>
</title>
<meta http-equiv="Content-Type" content="text/html;charset=utf-8" />
  <meta name='ocr-system' content='tesseract 3.04.00' />
  <meta name='ocr-capabilities' content='ocr_page ocr_carea ocr_par ocr_line ocrx_word'/>
</head>
<body>
  <div class='ocr_page' id='page_1' title='image "./deplautifabular01baiegoog_0030.png"; bbox 0 0 3038 5220; ppageno 0'>
   <div class='ocr_carea' id='block_1_1' title="bbox 89 491 1346 4572">
    <p class='ocr_par' dir='ltr' id='par_1_1' title="bbox 89 491 1314 2729">
     <span class='ocr_line' id='line_1_1' title="bbox 94 491 1314 586; baseline -0.002 -28"><span class='ocrx_word' id='word_1_1' title='bbox 94 491 289 558; x_wconf 85' lang='lat' dir='ltr'>ravistellus:</span> <span class='ocrx_word' id='word_1_2' title='bbox 313 493 439 581; x_wconf 87' lang='lat' dir='ltr'>‚,qnis“,</span> <span class='ocrx_word' id='word_1_3' title='bbox 461 495 575 578; x_wconf 86' lang='lat' dir='ltr'>inquit,</span> <span class='ocrx_word' id='word_1_4' title='bbox 598 495 701 575; x_wconf 87' lang='lat' dir='ltr'>„haec</span> <span class='ocrx_word' id='word_1_5' title='bbox 724 505 772 560; x_wconf 91' lang='lat' dir='ltr'>est</span> <span class='ocrx_word' id='word_1_6' title='bbox 793 495 908 559; x_wconf 92' lang='lat' dir='ltr'>mulier</span> <span class='ocrx_word' id='word_1_7' title='bbox 931 494 1037 558; x_wconf 88' lang='lat' dir='ltr'>stille</span> <span class='ocrx_word' id='word_1_8' title='bbox 1060 491 1240 586; x_wconf 84' lang='lat' dir='ltr'>ravistellus</span> <span class='ocrx_word' id='word_1_9' title='bbox 1255 492 1314 576; x_wconf 86' lang='lat' dir='ltr'>qui·</span> 
     </span>
     <span class='ocr_line' id='line_1_2' title="bbox 94 595 1312 685; baseline -0.002 -25"><span class='ocrx_word' id='word_1_10' title='bbox 94 597 230 662; x_wconf 88' lang='lat' dir='ltr'>venit.“‘</span> <span class='ocrx_word' id='word_1_11' title='bbox 275 597 413 685; x_wconf 88' lang='lat' dir='ltr'>denique</span> <span class='ocrx_word' id='word_1_12' title='bbox 436 597 523 682; x_wconf 90' lang='lat' dir='ltr'>apud</span> <span class='ocrx_word' id='word_1_13' title='bbox 544 598 682 663; x_wconf 88' lang='lat' dir='ltr'>Paulum</span> <span class='ocrx_word' id='word_1_14' title='bbox 707 622 737 685; x_wconf 91' lang='lat' dir='ltr'>p.</span> <span class='ocrx_word' id='word_1_15' title='bbox 760 598 802 663; x_wconf 87' lang='grc'>96</span> <span class='ocrx_word' id='word_1_16' title='bbox 823 598 904 662; x_wconf 89' lang='lat' dir='ltr'>haec</span> <span class='ocrx_word' id='word_1_17' title='bbox 927 608 1052 661; x_wconf 86' lang='lat' dir='ltr'>extant:</span> <span class='ocrx_word' id='word_1_18' title='bbox 1076 595 1312 680; x_wconf 77' lang='lat' dir='ltr'>gravastellus,</span> 
     </span>
     <span class='ocr_line' id='line_1_3' title="bbox 95 698 1312 788; baseline -0.002 -24"><span class='ocrx_word' id='word_1_19' title='bbox 95 701 209 765; x_wconf 83' lang='lat' dir='ltr'>senior.</span> <span class='ocrx_word' id='word_1_20' title='bbox 254 699 406 765; x_wconf 90' lang='lat' dir='ltr'>Plautus:</span> <span class='ocrx_word' id='word_1_21' title='bbox 445 701 520 788; x_wconf 91' lang='lat' dir='ltr'>„qui</span> <span class='ocrx_word' id='word_1_22' title='bbox 559 715 607 765; x_wconf 90' lang='lat' dir='ltr'>est</span> <span class='ocrx_word' id='word_1_23' title='bbox 633 701 847 788; x_wconf 80' lang='lat' dir='ltr'>gravastellus</span> <span class='ocrx_word' id='word_1_24' title='bbox 875 701 928 786; x_wconf 91' lang='lat' dir='ltr'>qui</span> <span class='ocrx_word' id='word_1_25' title='bbox 965 698 1132 779; x_wconf 88' lang='lat' dir='ltr'>advenit“,</span> <span class='ocrx_word' id='word_1_26' title='bbox 1168 707 1203 761; x_wconf 89' lang='lat' dir='ltr'>ut</span> <span class='ocrx_word' id='word_1_27' title='bbox 1232 708 1312 783; x_wconf 90' lang='lat' dir='ltr'>puto</span> 
     </span>
     <span class='ocr_line' id='line_1_4' title="bbox 94 799 1312 889; baseline -0.001 -25"><span class='ocrx_word' id='word_1_28' title='bbox 94 800 310 886; x_wconf 66' lang='lat' dir='ltr'>gravastellus</span> <span class='ocrx_word' id='word_1_29' title='bbox 338 824 357 865; x_wconf 91' lang='lat' dir='ltr'>a</span> <span class='ocrx_word' id='word_1_30' title='bbox 379 801 541 886; x_wconf 88' lang='lat' dir='ltr'>gravitate</span> <span class='ocrx_word' id='word_1_31' title='bbox 562 800 687 868; x_wconf 89' lang='lat' dir='ltr'>dictus.‘</span> <span class='ocrx_word' id='word_1_32' title='bbox 724 802 815 868; x_wconf 90' lang='lat' dir='ltr'>vides</span> <span class='ocrx_word' id='word_1_33' title='bbox 830 802 929 889; x_wconf 88' lang='lat' dir='ltr'>igitur</span> <span class='ocrx_word' id='word_1_34' title='bbox 953 800 1040 888; x_wconf 91' lang='lat' dir='ltr'>apud</span> <span class='ocrx_word' id='word_1_35' title='bbox 1056 801 1163 885; x_wconf 90' lang='lat' dir='ltr'>ipsum</span> <span class='ocrx_word' id='word_1_36' title='bbox 1177 799 1312 864; x_wconf 82' lang='lat' dir='ltr'>Festum</span> 
     </span>
     <span class='ocr_line' id='line_1_5' title="bbox 93 900 1313 992; baseline 0 -27"><span class='ocrx_word' id='word_1_37' title='bbox 93 900 228 965; x_wconf 86' lang='lat' dir='ltr'>eandem</span> <span class='ocrx_word' id='word_1_38' title='bbox 252 901 429 986; x_wconf 81' lang='lat' dir='ltr'>scripturae</span> <span class='ocrx_word' id='word_1_39' title='bbox 458 902 676 968; x_wconf 80' lang='lat' dir='ltr'>diversitatem</span> <span class='ocrx_word' id='word_1_40' title='bbox 699 917 820 984; x_wconf 86' lang='lat' dir='ltr'>extare,</span> <span class='ocrx_word' id='word_1_41' title='bbox 847 927 930 992; x_wconf 88' lang='lat' dir='ltr'>quae</span> <span class='ocrx_word' id='word_1_42' title='bbox 954 907 1036 968; x_wconf 89' lang='lat' dir='ltr'>inter</span> <span class='ocrx_word' id='word_1_43' title='bbox 1058 901 1313 967; x_wconf 87' lang='lat' dir='ltr'>Ambrosianum</span> 
     </span>
     <span class='ocr_line' id='line_1_6' title="bbox 93 1002 1312 1094; baseline 0 -27"><span class='ocrx_word' id='word_1_44' title='bbox 93 1014 125 1068; x_wconf 90' lang='lat' dir='ltr'>et</span> <span class='ocrx_word' id='word_1_45' title='bbox 147 1002 312 1069; x_wconf 90' lang='lat' dir='ltr'>Palatinos</span> <span class='ocrx_word' id='word_1_46' title='bbox 340 1003 517 1070; x_wconf 86' lang='lat' dir='ltr'>intercedit.</span> <span class='ocrx_word' id='word_1_47' title='bbox 560 1009 744 1072; x_wconf 80' lang='lat' dir='ltr'>ravistellum</span> <span class='ocrx_word' id='word_1_48' title='bbox 767 1019 875 1073; x_wconf 89' lang='lat' dir='ltr'>autem</span> <span class='ocrx_word' id='word_1_49' title='bbox 900 1028 1003 1094; x_wconf 91' lang='lat' dir='ltr'>neque</span> <span class='ocrx_word' id='word_1_50' title='bbox 1027 1028 1099 1070; x_wconf 90' lang='lat' dir='ltr'>eum</span> <span class='ocrx_word' id='word_1_51' title='bbox 1122 1027 1192 1069; x_wconf 89' lang='lat' dir='ltr'>esse</span> <span class='ocrx_word' id='word_1_52' title='bbox 1207 1026 1312 1089; x_wconf 89' lang='lat' dir='ltr'>posse,</span> 
     </span>
     <span class='ocr_line' id='line_1_7' title="bbox 93 1106 1310 1196; baseline 0.001 -27"><span class='ocrx_word' id='word_1_53' title='bbox 93 1106 148 1192; x_wconf 88' lang='lat' dir='ltr'>qui</span> <span class='ocrx_word' id='word_1_54' title='bbox 171 1106 241 1170; x_wconf 91' lang='lat' dir='ltr'>ravi</span> <span class='ocrx_word' id='word_1_55' title='bbox 265 1106 380 1170; x_wconf 90' lang='lat' dir='ltr'>coloris</span> <span class='ocrx_word' id='word_1_56' title='bbox 402 1118 465 1185; x_wconf 89' lang='lat' dir='ltr'>est,</span> <span class='ocrx_word' id='word_1_57' title='bbox 489 1130 593 1195; x_wconf 92' lang='lat' dir='ltr'>neque</span> <span class='ocrx_word' id='word_1_58' title='bbox 616 1131 705 1188; x_wconf 91' lang='lat' dir='ltr'>enm,</span> <span class='ocrx_word' id='word_1_59' title='bbox 734 1112 789 1196; x_wconf 93' lang='lat' dir='ltr'>qui</span> <span class='ocrx_word' id='word_1_60' title='bbox 812 1110 915 1175; x_wconf 87' lang='lat' dir='ltr'>ravim</span> <span class='ocrx_word' id='word_1_61' title='bbox 936 1110 956 1172; x_wconf 95' lang='lat' dir='ltr'>i.</span> <span class='ocrx_word' id='word_1_62' title='bbox 982 1133 1008 1176; x_wconf 89' lang='lat' dir='ltr'>e.</span> <span class='ocrx_word' id='word_1_63' title='bbox 1036 1129 1167 1172; x_wconf 89' lang='lat' dir='ltr'>raucam</span> <span class='ocrx_word' id='word_1_64' title='bbox 1198 1127 1310 1170; x_wconf 89' lang='lat' dir='ltr'>vocem</span> 
     </span>
     <span class='ocr_line' id='line_1_8' title="bbox 93 1206 1312 1300; baseline 0.002 -29"><span class='ocrx_word' id='word_1_65' title='bbox 93 1207 202 1285; x_wconf 89' lang='lat' dir='ltr'>habet,</span> <span class='ocrx_word' id='word_1_66' title='bbox 241 1207 439 1295; x_wconf 79' lang='lat' dir='ltr'>heidolphus</span> <span class='ocrx_word' id='word_1_67' title='bbox 482 1224 567 1275; x_wconf 88' lang='lat' dir='ltr'>recte</span> <span class='ocrx_word' id='word_1_68' title='bbox 606 1213 729 1278; x_wconf 89' lang='lat' dir='ltr'>monuit</span> <span class='ocrx_word' id='word_1_69' title='bbox 761 1215 806 1300; x_wconf 88' lang='lat' dir='ltr'>(p.</span> <span class='ocrx_word' id='word_1_70' title='bbox 834 1212 920 1300; x_wconf 81' lang='lat'>212).</span> <span class='ocrx_word' id='word_1_71' title='bbox 979 1212 1088 1298; x_wconf 87' lang='lat' dir='ltr'>itaque</span> <span class='ocrx_word' id='word_1_72' title='bbox 1124 1233 1198 1275; x_wconf 89' lang='lat' dir='ltr'>cum</span> <span class='ocrx_word' id='word_1_73' title='bbox 1230 1206 1312 1274; x_wconf 89' lang='lat' dir='ltr'>haec</span> 
     </span>
     <span class='ocr_line' id='line_1_9' title="bbox 93 1311 1312 1400; baseline 0.002 -26"><span class='ocrx_word' id='word_1_74' title='bbox 93 1311 252 1396; x_wconf 89' lang='lat' dir='ltr'>scriptura</span> <span class='ocrx_word' id='word_1_75' title='bbox 273 1312 350 1378; x_wconf 83' lang='lat' dir='ltr'>ferri</span> <span class='ocrx_word' id='word_1_76' title='bbox 373 1326 524 1400; x_wconf 86' lang='lat' dir='ltr'>nequeat,</span> <span class='ocrx_word' id='word_1_77' title='bbox 555 1314 596 1378; x_wconf 89' lang='lat' dir='ltr'>ad</span> <span class='ocrx_word' id='word_1_78' title='bbox 624 1315 757 1381; x_wconf 91' lang='lat' dir='ltr'>alteram</span> <span class='ocrx_word' id='word_1_79' title='bbox 787 1337 899 1379; x_wconf 91' lang='lat' dir='ltr'>vocem</span> <span class='ocrx_word' id='word_1_80' title='bbox 927 1314 1123 1399; x_wconf 75' lang='lat' dir='ltr'>prauostellus</span> <span class='ocrx_word' id='word_1_81' title='bbox 1151 1334 1209 1377; x_wconf 91' lang='lat' dir='ltr'>nos</span> <span class='ocrx_word' id='word_1_82' title='bbox 1240 1334 1312 1376; x_wconf 55' lang='lat' dir='ltr'>con*</span> 
     </span>
     <span class='ocr_line' id='line_1_10' title="bbox 93 1402 1312 1504; baseline 0.002 -27"><span class='ocrx_word' id='word_1_83' title='bbox 93 1402 255 1480; x_wconf 86' lang='lat' dir='ltr'>vertamus</span> <span class='ocrx_word' id='word_1_84' title='bbox 277 1437 408 1480; x_wconf 88' lang='lat' dir='ltr'>necesse</span> <span class='ocrx_word' id='word_1_85' title='bbox 431 1426 494 1494; x_wconf 84' lang='lat' dir='ltr'>est3</span> <span class='ocrx_word' id='word_1_86' title='bbox 518 1417 608 1482; x_wconf 89' lang='lat' dir='ltr'>ouius</span> <span class='ocrx_word' id='word_1_87' title='bbox 631 1417 788 1504; x_wconf 84' lang='lat' dir='ltr'>originem</span> <span class='ocrx_word' id='word_1_88' title='bbox 810 1439 848 1481; x_wconf 89' lang='lat' dir='ltr'>ac</span> <span class='ocrx_word' id='word_1_89' title='bbox 871 1416 1137 1503; x_wconf 87' lang='lat' dir='ltr'>significationem</span> <span class='ocrx_word' id='word_1_90' title='bbox 1161 1414 1312 1483; x_wconf 89' lang='lat' dir='ltr'>aVerriu</span> 
     </span>
     <span class='ocr_line' id='line_1_11' title="bbox 91 1516 1311 1607; baseline 0 -26"><span class='ocrx_word' id='word_1_91' title='bbox 91 1516 211 1582; x_wconf 80' lang='lat' dir='ltr'>Flacco</span> <span class='ocrx_word' id='word_1_92' title='bbox 240 1516 330 1582; x_wconf 79' lang='lat' dir='ltr'>Festi</span> <span class='ocrx_word' id='word_1_93' title='bbox 352 1529 483 1583; x_wconf 88' lang='lat' dir='ltr'>auctore</span> <span class='ocrx_word' id='word_1_94' title='bbox 510 1541 680 1606; x_wconf 87' lang='lat' dir='ltr'>perperam</span> <span class='ocrx_word' id='word_1_95' title='bbox 708 1521 903 1607; x_wconf 82' lang='lat' dir='ltr'>explicatam</span> <span class='ocrx_word' id='word_1_96' title='bbox 932 1519 1056 1584; x_wconf 89' lang='lat' dir='ltr'>Loewii</span> <span class='ocrx_word' id='word_1_97' title='bbox 1085 1539 1220 1583; x_wconf 88' lang='lat' dir='ltr'>acumen</span> <span class='ocrx_word' id='word_1_98' title='bbox 1242 1540 1311 1604; x_wconf 91' lang='lat' dir='ltr'>per-</span> 
     </span>
     <span class='ocr_line' id='line_1_12' title="bbox 93 1618 1311 1709; baseline -0.001 -26"><span class='ocrx_word' id='word_1_99' title='bbox 93 1621 208 1704; x_wconf 85' lang='lat' dir='ltr'>spexit.</span> <span class='ocrx_word' id='word_1_100' title='bbox 236 1618 361 1685; x_wconf 90' lang='lat' dir='ltr'>Placidi</span> <span class='ocrx_word' id='word_1_101' title='bbox 378 1621 462 1684; x_wconf 90' lang='lat' dir='ltr'>enim</span> <span class='ocrx_word' id='word_1_102' title='bbox 478 1620 630 1708; x_wconf 87' lang='lat' dir='ltr'>glossam,</span> <span class='ocrx_word' id='word_1_103' title='bbox 653 1644 750 1709; x_wconf 89' lang='lat' dir='ltr'>quam</span> <span class='ocrx_word' id='word_1_104' title='bbox 765 1620 946 1707; x_wconf 88' lang='lat' dir='ltr'>Deuerling</span> <span class='ocrx_word' id='word_1_105' title='bbox 962 1644 993 1707; x_wconf 82' lang='lat' dir='ltr'>p,</span> <span class='ocrx_word' id='word_1_106' title='bbox 1008 1620 1060 1696; x_wconf 84' lang='lat'>49,</span> <span class='ocrx_word' id='word_1_107' title='bbox 1079 1620 1119 1683; x_wconf 91' lang='grc'>16</span> <span class='ocrx_word' id='word_1_108' title='bbox 1134 1619 1180 1682; x_wconf 89' lang='lat' dir='ltr'>sic</span> <span class='ocrx_word' id='word_1_109' title='bbox 1196 1618 1311 1682; x_wconf 89' lang='lat' dir='ltr'>edidit:</span> 
     </span>
     <span class='ocr_line' id='line_1_13' title="bbox 91 1721 1312 1808; baseline -0.001 -23"><span class='ocrx_word' id='word_1_110' title='bbox 91 1722 328 1806; x_wconf 77' lang='lat' dir='ltr'>gravastellus,</span> <span class='ocrx_word' id='word_1_111' title='bbox 358 1745 475 1808; x_wconf 86' lang='lat' dir='ltr'>graves</span> <span class='ocrx_word' id='word_1_112' title='bbox 500 1723 606 1788; x_wconf 89' lang='lat' dir='ltr'>idest</span> <span class='ocrx_word' id='word_1_113' title='bbox 633 1724 724 1788; x_wconf 89' lang='lat' dir='ltr'>annis</span> <span class='ocrx_word' id='word_1_114' title='bbox 755 1727 843 1808; x_wconf 83' lang='lat' dir='ltr'>(anui</span> <span class='ocrx_word' id='word_1_115' title='bbox 863 1722 963 1798; x_wconf 74' lang='lat' dir='ltr'>librir</span> <span class='ocrx_word' id='word_1_116' title='bbox 987 1721 1243 1808; x_wconf 87' lang='lat' dir='ltr'>praeclarissime</span> <span class='ocrx_word' id='word_1_117' title='bbox 1265 1721 1312 1785; x_wconf 92' lang='lat' dir='ltr'>sic</span> 
     </span>
     <span class='ocr_line' id='line_1_14' title="bbox 92 1814 1310 1912; baseline 0.001 -26"><span class='ocrx_word' id='word_1_118' title='bbox 92 1814 282 1889; x_wconf 80' lang='lat' dir='ltr'>emendavit</span> <span class='ocrx_word' id='word_1_119' title='bbox 312 1825 363 1889; x_wconf 91' lang='lat' dir='ltr'>vir</span> <span class='ocrx_word' id='word_1_120' title='bbox 400 1825 643 1911; x_wconf 86' lang='lat' dir='ltr'>sagacissimus:</span> <span class='ocrx_word' id='word_1_121' title='bbox 683 1826 900 1912; x_wconf 71' lang='lat' dir='ltr'>,gravastella</span> <span class='ocrx_word' id='word_1_122' title='bbox 936 1827 1034 1910; x_wconf 79' lang='grc' dir='ltr'><em>γραῦς</em></span> <span class='ocrx_word' id='word_1_123' title='bbox 1070 1824 1103 1888; x_wconf 91' lang='lat' dir='ltr'>id</span> <span class='ocrx_word' id='word_1_124' title='bbox 1139 1836 1187 1888; x_wconf 87' lang='lat' dir='ltr'>est</span> <span class='ocrx_word' id='word_1_125' title='bbox 1219 1834 1310 1888; x_wconf 86' lang='lat' dir='ltr'>anus‘</span> 
     </span>
     <span class='ocr_line' id='line_1_15' title="bbox 91 1925 1311 2014; baseline 0.002 -27"><span class='ocrx_word' id='word_1_126' title='bbox 91 1926 212 2012; x_wconf 75' lang='lat' dir='ltr'>(Praes.</span> <span class='ocrx_word' id='word_1_127' title='bbox 246 1927 341 2012; x_wconf 80' lang='lat' dir='ltr'>Epid.</span> <span class='ocrx_word' id='word_1_128' title='bbox 365 1925 517 2013; x_wconf 89' lang='lat' dir='ltr'><strong>XXIV).</strong></span> <span class='ocrx_word' id='word_1_129' title='bbox 567 1950 605 1992; x_wconf 93' lang='lat' dir='ltr'>ac</span> <span class='ocrx_word' id='word_1_130' title='bbox 632 1930 712 1993; x_wconf 89' lang='lat' dir='ltr'>scite</span> <span class='ocrx_word' id='word_1_131' title='bbox 742 1926 867 1990; x_wconf 88' lang='lat' dir='ltr'>addidit</span> <span class='ocrx_word' id='word_1_132' title='bbox 888 1925 1089 2014; x_wconf 79' lang='lat' dir='ltr'>heidolphus</span> <span class='ocrx_word' id='word_1_133' title='bbox 1116 1927 1311 2011; x_wconf 75' lang='lat' dir='ltr'>pravastellue</span> 
     </span>
     <span class='ocr_line' id='line_1_16' title="bbox 91 2025 1310 2117; baseline 0.003 -28"><span class='ocrx_word' id='word_1_134' title='bbox 91 2025 303 2092; x_wconf 90' lang='lat' dir='ltr'>derivandum</span> <span class='ocrx_word' id='word_1_135' title='bbox 319 2049 388 2092; x_wconf 89' lang='lat' dir='ltr'>esse</span> <span class='ocrx_word' id='word_1_136' title='bbox 411 2051 430 2092; x_wconf 91' lang='lat' dir='ltr'>a</span> <span class='ocrx_word' id='word_1_137' title='bbox 445 2050 523 2094; x_wconf 89' lang='lat' dir='ltr'>voce</span> <span class='ocrx_word' id='word_1_138' title='bbox 537 2041 701 2114; x_wconf 74' lang='lat' dir='ltr'>precanter,</span> <span class='ocrx_word' id='word_1_139' title='bbox 725 2051 819 2117; x_wconf 33' lang='lat' dir='ltr'>quae*</span> <span class='ocrx_word' id='word_1_140' title='bbox 831 2029 873 2093; x_wconf 91' lang='lat' dir='ltr'>ad</span> <span class='ocrx_word' id='word_1_141' title='bbox 897 2026 1033 2092; x_wconf 90' lang='lat' dir='ltr'>eandem</span> <span class='ocrx_word' id='word_1_142' title='bbox 1048 2027 1191 2092; x_wconf 91' lang='lat' dir='ltr'>radicem</span> <span class='ocrx_word' id='word_1_143' title='bbox 1214 2041 1310 2112; x_wconf 90' lang='lat' dir='ltr'>atque</span> 
     </span>
     <span class='ocr_line' id='line_1_17' title="bbox 91 2129 1310 2219; baseline 0.003 -29"><span class='ocrx_word' id='word_1_144' title='bbox 91 2147 156 2192; x_wconf 86' lang='lat' dir='ltr'>vox</span> <span class='ocrx_word' id='word_1_145' title='bbox 178 2150 297 2214; x_wconf 87' lang='lat' dir='ltr'>graeca</span> <span class='ocrx_word' id='word_1_146' title='bbox 319 2131 417 2214; x_wconf 80' lang='grc' dir='ltr'><em>γραῦς</em></span> <span class='ocrx_word' id='word_1_147' title='bbox 443 2130 563 2195; x_wconf 88' lang='lat' dir='ltr'>redeat.</span> <span class='ocrx_word' id='word_1_148' title='bbox 608 2153 711 2219; x_wconf 93' lang='lat' dir='ltr'>neque</span> <span class='ocrx_word' id='word_1_149' title='bbox 727 2130 814 2218; x_wconf 93' lang='lat' dir='ltr'>quod</span> <span class='ocrx_word' id='word_1_150' title='bbox 826 2130 871 2194; x_wconf 88' lang='lat' dir='ltr'>ad</span> <span class='ocrx_word' id='word_1_151' title='bbox 885 2130 1041 2193; x_wconf 90' lang='lat' dir='ltr'>rationem</span> <span class='ocrx_word' id='word_1_152' title='bbox 1056 2129 1310 2214; x_wconf 87' lang='lat' dir='ltr'>interpolationis</span> 
     </span>
     <span class='ocr_line' id='line_1_18' title="bbox 90 2228 1311 2320; baseline 0.003 -27"><span class='ocrx_word' id='word_1_153' title='bbox 90 2230 123 2293; x_wconf 92' lang='lat' dir='ltr'>in</span> <span class='ocrx_word' id='word_1_154' title='bbox 145 2228 178 2295; x_wconf 80' lang='lat' dir='ltr'><strong>A</strong></span> <span class='ocrx_word' id='word_1_155' title='bbox 198 2232 303 2297; x_wconf 80' lang='lat' dir='ltr'>factae</span> <span class='ocrx_word' id='word_1_156' title='bbox 326 2233 455 2310; x_wconf 87' lang='lat' dir='ltr'>attinet,</span> <span class='ocrx_word' id='word_1_157' title='bbox 479 2257 552 2298; x_wconf 88' lang='lat' dir='ltr'>cum</span> <span class='ocrx_word' id='word_1_158' title='bbox 581 2233 761 2320; x_wconf 79' lang='lat' dir='ltr'>heidolpho</span> <span class='ocrx_word' id='word_1_159' title='bbox 790 2231 869 2296; x_wconf 92' lang='lat' dir='ltr'>mihi</span> <span class='ocrx_word' id='word_1_160' title='bbox 895 2253 959 2295; x_wconf 91' lang='lat' dir='ltr'>non</span> <span class='ocrx_word' id='word_1_161' title='bbox 987 2231 1147 2296; x_wconf 89' lang='lat' dir='ltr'>convenit.</span> <span class='ocrx_word' id='word_1_162' title='bbox 1193 2234 1311 2297; x_wconf 89' lang='lat' dir='ltr'>etenim</span> 
     </span>
     <span class='ocr_line' id='line_1_19' title="bbox 90 2332 1310 2420; baseline 0.003 -25"><span class='ocrx_word' id='word_1_163' title='bbox 90 2352 163 2396; x_wconf 89' lang='lat' dir='ltr'>cum</span> <span class='ocrx_word' id='word_1_164' title='bbox 202 2332 280 2418; x_wconf 91' lang='lat' dir='ltr'>quid</span> <span class='ocrx_word' id='word_1_165' title='bbox 317 2355 382 2399; x_wconf 89' lang='lat' dir='ltr'>vox</span> <span class='ocrx_word' id='word_1_166' title='bbox 419 2336 616 2419; x_wconf 64' lang='lat' dir='ltr'>gravastellus</span> <span class='ocrx_word' id='word_1_167' title='bbox 648 2333 709 2398; x_wconf 90' lang='lat' dir='ltr'>sibi</span> <span class='ocrx_word' id='word_1_168' title='bbox 743 2334 856 2411; x_wconf 89' lang='lat' dir='ltr'>vellet,</span> <span class='ocrx_word' id='word_1_169' title='bbox 895 2333 1124 2420; x_wconf 89' lang='lat' dir='ltr'>grammaticus</span> <span class='ocrx_word' id='word_1_170' title='bbox 1162 2335 1310 2412; x_wconf 90' lang='lat' dir='ltr'>nesciret,</span> 
     </span>
     <span class='ocr_line' id='line_1_20' title="bbox 90 2432 1310 2502; baseline 0.003 -6"><span class='ocrx_word' id='word_1_171' title='bbox 90 2432 263 2499; x_wconf 87' lang='lat' dir='ltr'>verborum</span> <span class='ocrx_word' id='word_1_172' title='bbox 284 2459 374 2500; x_wconf 82' lang='lat' dir='ltr'>rurus</span> <span class='ocrx_word' id='word_1_173' title='bbox 403 2436 454 2500; x_wconf 92' lang='lat' dir='ltr'>vel</span> <span class='ocrx_word' id='word_1_174' title='bbox 480 2439 560 2500; x_wconf 82' lang='lat' dir='ltr'>racis</span> <span class='ocrx_word' id='word_1_175' title='bbox 588 2459 709 2502; x_wconf 90' lang='lat' dir='ltr'>memor</span> <span class='ocrx_word' id='word_1_176' title='bbox 736 2447 768 2502; x_wconf 89' lang='lat' dir='ltr'>et</span> <span class='ocrx_word' id='word_1_177' title='bbox 795 2435 990 2501; x_wconf 89' lang='lat' dir='ltr'>vocabulum</span> <span class='ocrx_word' id='word_1_178' title='bbox 1020 2435 1095 2499; x_wconf 93' lang='lat' dir='ltr'>inde</span> <span class='ocrx_word' id='word_1_179' title='bbox 1128 2434 1310 2500; x_wconf 89' lang='lat' dir='ltr'>derivatum</span> 
     </span>
     <span class='ocr_line' id='line_1_21' title="bbox 89 2534 1309 2625; baseline 0.002 -27"><span class='ocrx_word' id='word_1_180' title='bbox 89 2534 220 2600; x_wconf 87' lang='lat' dir='ltr'>subesse</span> <span class='ocrx_word' id='word_1_181' title='bbox 261 2538 443 2625; x_wconf 84' lang='lat' dir='ltr'>suspicatus</span> <span class='ocrx_word' id='word_1_182' title='bbox 475 2541 641 2604; x_wconf 78' lang='lat' dir='ltr'>ravistellus</span> <span class='ocrx_word' id='word_1_183' title='bbox 676 2538 735 2604; x_wconf 90' lang='lat' dir='ltr'>sibi</span> <span class='ocrx_word' id='word_1_184' title='bbox 769 2539 876 2616; x_wconf 86' lang='lat' dir='ltr'>finxit3</span> <span class='ocrx_word' id='word_1_185' title='bbox 921 2537 989 2601; x_wconf 90' lang='lat' dir='ltr'>eius</span> <span class='ocrx_word' id='word_1_186' title='bbox 1020 2549 1128 2602; x_wconf 90' lang='lat' dir='ltr'>autem</span> <span class='ocrx_word' id='word_1_187' title='bbox 1157 2537 1309 2622; x_wconf 89' lang='lat' dir='ltr'>interpre-</span> 
     </span>
     <span class='ocr_line' id='line_1_22' title="bbox 91 2638 775 2729; baseline 0.007 -28"><span class='ocrx_word' id='word_1_188' title='bbox 91 2638 244 2703; x_wconf 85' lang='lat' dir='ltr'>tationem</span> <span class='ocrx_word' id='word_1_189' title='bbox 267 2661 306 2705; x_wconf 87' lang='lat' dir='ltr'>ne</span> <span class='ocrx_word' id='word_1_190' title='bbox 329 2640 464 2708; x_wconf 84' lang='lat' dir='ltr'>Verrius</span> <span class='ocrx_word' id='word_1_191' title='bbox 489 2641 619 2728; x_wconf 89' lang='lat' dir='ltr'>quidem</span> <span class='ocrx_word' id='word_1_192' title='bbox 644 2641 775 2729; x_wconf 86' lang='lat' dir='ltr'>sprevit.</span> 
     </span>
    </p>

    <p class='ocr_par' dir='ltr' id='par_1_2' title="bbox 89 2740 1310 3033">
     <span class='ocr_line' id='line_1_23' title="bbox 139 2740 1308 2809; baseline 0.002 -4"><span class='ocrx_word' id='word_1_193' title='bbox 139 2782 142 2786; x_wconf 92' lang='lat'><em>-</em></span> <span class='ocrx_word' id='word_1_194' title='bbox 174 2740 312 2808; x_wconf 88' lang='lat' dir='ltr'>Prorsus</span> <span class='ocrx_word' id='word_1_195' title='bbox 342 2742 499 2807; x_wconf 90' lang='lat' dir='ltr'>consimili</span> <span class='ocrx_word' id='word_1_196' title='bbox 533 2744 628 2808; x_wconf 91' lang='lat' dir='ltr'>modo</span> <span class='ocrx_word' id='word_1_197' title='bbox 650 2743 873 2809; x_wconf 88' lang='lat' dir='ltr'>Palatinorum</span> <span class='ocrx_word' id='word_1_198' title='bbox 906 2743 1105 2806; x_wconf 90' lang='lat' dir='ltr'>memoriam.</span> <span class='ocrx_word' id='word_1_199' title='bbox 1121 2754 1217 2807; x_wconf 90' lang='lat' dir='ltr'>antea</span> <span class='ocrx_word' id='word_1_200' title='bbox 1246 2765 1308 2807; x_wconf 90' lang='lat' dir='ltr'>non</span> 
     </span>
     <span class='ocr_line' id='line_1_24' title="bbox 89 2841 1310 2931; baseline 0.004 -25"><span class='ocrx_word' id='word_1_201' title='bbox 89 2841 288 2910; x_wconf 89' lang='lat' dir='ltr'>intellectam</span> <span class='ocrx_word' id='word_1_202' title='bbox 330 2844 466 2929; x_wconf 90' lang='lat' dir='ltr'>ideoque</span> <span class='ocrx_word' id='word_1_203' title='bbox 509 2857 649 2931; x_wconf 89' lang='lat' dir='ltr'>spretam</span> <span class='ocrx_word' id='word_1_204' title='bbox 691 2845 732 2911; x_wconf 91' lang='lat' dir='ltr'>ab</span> <span class='ocrx_word' id='word_1_205' title='bbox 778 2845 864 2911; x_wconf 92' lang='lat' dir='ltr'>omni</span> <span class='ocrx_word' id='word_1_206' title='bbox 910 2844 1092 2929; x_wconf 90' lang='lat' dir='ltr'>suspicione</span> <span class='ocrx_word' id='word_1_207' title='bbox 1132 2844 1310 2911; x_wconf 89' lang='lat' dir='ltr'>vindicavit</span> 
     </span>
     <span class='ocr_line' id='line_1_25' title="bbox 91 2944 704 3033; baseline 0.007 -24"><span class='ocrx_word' id='word_1_208' title='bbox 91 2944 310 3012; x_wconf 88' lang='lat' dir='ltr'>Buechelcrus</span> <span class='ocrx_word' id='word_1_209' title='bbox 332 2947 365 3011; x_wconf 90' lang='lat' dir='ltr'>in</span> <span class='ocrx_word' id='word_1_210' title='bbox 381 2949 450 3012; x_wconf 82' lang='lat' dir='ltr'>Mil.</span> <span class='ocrx_word' id='word_1_211' title='bbox 467 2949 542 3033; x_wconf 78' lang='lat' dir='ltr'>plor.</span> <span class='ocrx_word' id='word_1_212' title='bbox 566 2971 596 3011; x_wconf 89' lang='lat' dir='ltr'>v.</span> <span class='ocrx_word' id='word_1_213' title='bbox 621 2947 704 3013; x_wconf 87' lang='lat'>1180</span> 
     </span>
    </p>

    <p class='ocr_par' dir='ltr' id='par_1_3' title="bbox 90 3048 1346 4572">
     <span class='ocr_line' id='line_1_26' title="bbox 216 3048 1191 3128; baseline 0 -14"><span class='ocrx_word' id='word_1_214' title='bbox 216 3048 258 3114; x_wconf 88' lang='lat' dir='ltr'>Id</span> <span class='ocrx_word' id='word_1_215' title='bbox 280 3070 440 3115; x_wconf 85' lang='lat' dir='ltr'>conexum</span> <span class='ocrx_word' id='word_1_216' title='bbox 462 3051 496 3114; x_wconf 92' lang='lat' dir='ltr'>in</span> <span class='ocrx_word' id='word_1_217' title='bbox 525 3072 635 3115; x_wconf 91' lang='lat' dir='ltr'>umero</span> <span class='ocrx_word' id='word_1_218' title='bbox 658 3051 760 3128; x_wconf 89' lang='lat' dir='ltr'>laevo,</span> <span class='ocrx_word' id='word_1_219' title='bbox 783 3049 1014 3115; x_wconf 79' lang='lat' dir='ltr'>exfafillato</span> <span class='ocrx_word' id='word_1_220' title='bbox 1030 3048 1191 3115; x_wconf 89' lang='lat' dir='ltr'>bracchio.</span> 
     </span>
     <span class='ocr_line' id='line_1_27' title="bbox 90 3147 1308 3238; baseline 0.003 -26"><span class='ocrx_word' id='word_1_221' title='bbox 90 3149 146 3213; x_wconf 89' lang='lat' dir='ltr'>sic·</span> <span class='ocrx_word' id='word_1_222' title='bbox 161 3147 203 3232; x_wconf 76' lang='lat'>1²3</span> <span class='ocrx_word' id='word_1_223' title='bbox 225 3149 347 3215; x_wconf 90' lang='lat' dir='ltr'>Paulus</span> <span class='ocrx_word' id='word_1_224' title='bbox 367 3174 398 3236; x_wconf 89' lang='lat' dir='ltr'>p.</span> <span class='ocrx_word' id='word_1_225' title='bbox 414 3151 470 3218; x_wconf 89' lang='lat'>83:</span> <span class='ocrx_word' id='word_1_226' title='bbox 494 3151 711 3230; x_wconf 75' lang='lat' dir='ltr'>,Effafilatum</span> <span class='ocrx_word' id='word_1_227' title='bbox 738 3162 900 3230; x_wconf 88' lang='lat' dir='ltr'>exertum,</span> <span class='ocrx_word' id='word_1_228' title='bbox 938 3153 1023 3238; x_wconf 91' lang='lat' dir='ltr'>quod</span> <span class='ocrx_word' id='word_1_229' title='bbox 1050 3151 1173 3217; x_wconf 90' lang='lat' dir='ltr'>scilicet</span> <span class='ocrx_word' id='word_1_230' title='bbox 1199 3174 1308 3216; x_wconf 88' lang='lat' dir='ltr'>omnes</span> 
     </span>
     <span class='ocr_line' id='line_1_28' title="bbox 90 3251 1308 3328; baseline 0.002 -12"><span class='ocrx_word' id='word_1_231' title='bbox 90 3262 202 3317; x_wconf 80' lang='lat' dir='ltr'>exerto</span> <span class='ocrx_word' id='word_1_232' title='bbox 218 3251 350 3319; x_wconf 90' lang='lat' dir='ltr'>brachio</span> <span class='ocrx_word' id='word_1_233' title='bbox 362 3254 425 3318; x_wconf 89' lang='lat' dir='ltr'>sint</span> <span class='ocrx_word' id='word_1_234' title='bbox 440 3255 570 3328; x_wconf 86' lang='lat' dir='ltr'>exfilati,</span> <span class='ocrx_word' id='word_1_235' title='bbox 587 3253 621 3318; x_wconf 90' lang='lat' dir='ltr'>id</span> <span class='ocrx_word' id='word_1_236' title='bbox 633 3269 681 3320; x_wconf 91' lang='lat' dir='ltr'>est</span> <span class='ocrx_word' id='word_1_237' title='bbox 695 3266 787 3320; x_wconf 86' lang='lat' dir='ltr'>extra</span> <span class='ocrx_word' id='word_1_238' title='bbox 798 3256 1024 3320; x_wconf 89' lang='lat' dir='ltr'>vestimentum</span> <span class='ocrx_word' id='word_1_239' title='bbox 1035 3254 1089 3318; x_wconf 89' lang='lat' dir='ltr'>filo</span> <span class='ocrx_word' id='word_1_240' title='bbox 1101 3266 1308 3319; x_wconf 64' lang='lat' dir='ltr'>contextum!</span> 
     </span>
     <span class='ocr_line' id='line_1_29' title="bbox 90 3354 1341 3443; baseline 0.003 -24"><span class='ocrx_word' id='word_1_241' title='bbox 90 3355 123 3419; x_wconf 83' lang='lat' dir='ltr'>A</span> <span class='ocrx_word' id='word_1_242' title='bbox 154 3354 287 3439; x_wconf 88' lang='lat' dir='ltr'>praebet</span> <span class='ocrx_word' id='word_1_243' title='bbox 315 3357 504 3443; x_wconf 77' lang='lat' dir='ltr'>cap-llum,</span> <span class='ocrx_word' id='word_1_244' title='bbox 540 3369 586 3434; x_wconf 90' lang='lat' dir='ltr'>,ut</span> <span class='ocrx_word' id='word_1_245' title='bbox 613 3357 696 3421; x_wconf 89' lang='lat' dir='ltr'>inter</span> <span class='ocrx_word' id='word_1_246' title='bbox 729 3379 752 3442; x_wconf 93' lang='lat' dir='ltr'>p</span> <span class='ocrx_word' id='word_1_247' title='bbox 783 3366 814 3420; x_wconf 89' lang='lat' dir='ltr'>et</span> <span class='ocrx_word' id='word_1_248' title='bbox 846 3358 858 3421; x_wconf 96' lang='lat' dir='ltr'>l</span> <span class='ocrx_word' id='word_1_249' title='bbox 891 3357 1030 3442; x_wconf 88' lang='lat' dir='ltr'>spatium</span> <span class='ocrx_word' id='word_1_250' title='bbox 1071 3367 1224 3443; x_wconf 90' lang='lat' dir='ltr'>quattuor</span> <span class='ocrx_word' id='word_1_251' title='bbox 1257 3359 1308 3423; x_wconf 89' lang='lat' dir='ltr'>vel</span> <span class='ocrx_word' id='word_1_252' title='bbox 1338 3369 1341 3376; x_wconf 86' lang='lat'>&#39;</span> 
     </span>
     <span class='ocr_line' id='line_1_30' title="bbox 90 3456 1307 3546; baseline 0.002 -25"><span class='ocrx_word' id='word_1_253' title='bbox 90 3456 233 3544; x_wconf 90' lang='lat' dir='ltr'>quinque</span> <span class='ocrx_word' id='word_1_254' title='bbox 260 3457 442 3523; x_wconf 85' lang='lat' dir='ltr'>litterarum</span> <span class='ocrx_word' id='word_1_255' title='bbox 472 3459 533 3522; x_wconf 90' lang='lat' dir='ltr'>sit.‘</span> <span class='ocrx_word' id='word_1_256' title='bbox 578 3481 662 3546; x_wconf 92' lang='lat' dir='ltr'>qnae</span> <span class='ocrx_word' id='word_1_257' title='bbox 697 3459 872 3544; x_wconf 89' lang='lat' dir='ltr'>scriptura,</span> <span class='ocrx_word' id='word_1_258' title='bbox 904 3481 1100 3545; x_wconf 88' lang='lat' dir='ltr'>quamquam</span> <span class='ocrx_word' id='word_1_259' title='bbox 1124 3461 1307 3544; x_wconf 90' lang='lat' dir='ltr'>corruptela</span> 
     </span>
     <span class='ocr_line' id='line_1_31' title="bbox 91 3559 1307 3648; baseline 0.002 -25"><span class='ocrx_word' id='word_1_260' title='bbox 91 3559 300 3643; x_wconf 86' lang='lat' dir='ltr'>depravatam</span> <span class='ocrx_word' id='word_1_261' title='bbox 333 3562 432 3626; x_wconf 82' lang='lat' dir='ltr'>fuisse</span> <span class='ocrx_word' id='word_1_262' title='bbox 466 3584 508 3626; x_wconf 86' lang='lat' dir='ltr'>ex</span> <span class='ocrx_word' id='word_1_263' title='bbox 541 3561 646 3648; x_wconf 86' lang='lat' dir='ltr'>spatio</span> <span class='ocrx_word' id='word_1_264' title='bbox 673 3561 850 3626; x_wconf 90' lang='lat' dir='ltr'>litterarum</span> <span class='ocrx_word' id='word_1_265' title='bbox 879 3559 1119 3646; x_wconf 87' lang='lat' dir='ltr'>deperditarum</span> <span class='ocrx_word' id='word_1_266' title='bbox 1156 3560 1307 3647; x_wconf 91' lang='lat' dir='ltr'>colligere</span> 
     </span>
     <span class='ocr_line' id='line_1_32' title="bbox 90 3660 1308 3750; baseline 0.002 -26"><span class='ocrx_word' id='word_1_267' title='bbox 90 3661 175 3739; x_wconf 86' lang='lat' dir='ltr'>licet,</span> <span class='ocrx_word' id='word_1_268' title='bbox 198 3660 277 3748; x_wconf 90' lang='lat' dir='ltr'>quin</span> <span class='ocrx_word' id='word_1_269' title='bbox 299 3663 342 3727; x_wconf 93' lang='lat' dir='ltr'>ad</span> <span class='ocrx_word' id='word_1_270' title='bbox 364 3664 549 3750; x_wconf 68' lang='lat' dir='ltr'>expapillato</span> <span class='ocrx_word' id='word_1_271' title='bbox 570 3661 699 3739; x_wconf 89' lang='lat' dir='ltr'>redeat,</span> <span class='ocrx_word' id='word_1_272' title='bbox 728 3662 811 3726; x_wconf 89' lang='lat' dir='ltr'>alter</span> <span class='ocrx_word' id='word_1_273' title='bbox 831 3660 927 3726; x_wconf 87' lang='lat' dir='ltr'>Pauli</span> <span class='ocrx_word' id='word_1_274' title='bbox 949 3663 1039 3727; x_wconf 89' lang='lat' dir='ltr'>locus</span> <span class='ocrx_word' id='word_1_275' title='bbox 1060 3663 1140 3726; x_wconf 83' lang='lat' dir='ltr'>facit</span> <span class='ocrx_word' id='word_1_276' title='bbox 1161 3676 1196 3727; x_wconf 90' lang='lat' dir='ltr'>ut</span> <span class='ocrx_word' id='word_1_277' title='bbox 1218 3662 1308 3727; x_wconf 90' lang='lat' dir='ltr'>dubi·</span> 
     </span>
     <span class='ocr_line' id='line_1_33' title="bbox 90 3762 1306 3853; baseline 0.003 -27"><span class='ocrx_word' id='word_1_278' title='bbox 90 3763 152 3827; x_wconf 89' lang='lat' dir='ltr'>tari</span> <span class='ocrx_word' id='word_1_279' title='bbox 189 3776 344 3850; x_wconf 87' lang='lat' dir='ltr'>nequeat3</span> <span class='ocrx_word' id='word_1_280' title='bbox 388 3762 535 3828; x_wconf 55' lang='lat' dir='ltr'>exbibet¹</span> <span class='ocrx_word' id='word_1_281' title='bbox 558 3763 643 3828; x_wconf 88' lang='lat' dir='ltr'>enim</span> <span class='ocrx_word' id='word_1_282' title='bbox 681 3763 708 3826; x_wconf 90' lang='lat' dir='ltr'>is</span> <span class='ocrx_word' id='word_1_283' title='bbox 744 3785 775 3847; x_wconf 83' lang='lat' dir='ltr'>p.</span> <span class='ocrx_word' id='word_1_284' title='bbox 803 3762 860 3827; x_wconf 83' lang='lat'>79:</span> <span class='ocrx_word' id='word_1_285' title='bbox 906 3764 1125 3853; x_wconf 81' lang='lat' dir='ltr'>,Expapillato</span> <span class='ocrx_word' id='word_1_286' title='bbox 1164 3764 1306 3844; x_wconf 86' lang='lat' dir='ltr'>brachio,</span> 
     </span>
     <span class='ocr_line' id='line_1_34' title="bbox 90 3864 1307 3953; baseline 0.002 -24"><span class='ocrx_word' id='word_1_287' title='bbox 90 3878 217 3944; x_wconf 85' lang='lat' dir='ltr'>exerto,</span> <span class='ocrx_word' id='word_1_288' title='bbox 251 3866 336 3952; x_wconf 87' lang='lat' dir='ltr'>quod</span> <span class='ocrx_word' id='word_1_289' title='bbox 361 3888 457 3953; x_wconf 90' lang='lat' dir='ltr'>quom</span> <span class='ocrx_word' id='word_1_290' title='bbox 484 3866 532 3943; x_wconf 85' lang='lat' dir='ltr'>fit,</span> <span class='ocrx_word' id='word_1_291' title='bbox 561 3865 685 3952; x_wconf 90' lang='lat' dir='ltr'>papilla</span> <span class='ocrx_word' id='word_1_292' title='bbox 705 3864 872 3942; x_wconf 84' lang='lat' dir='ltr'>nudatur‘3</span> <span class='ocrx_word' id='word_1_293' title='bbox 906 3867 948 3931; x_wconf 91' lang='lat' dir='ltr'>ad</span> <span class='ocrx_word' id='word_1_294' title='bbox 972 3868 1108 3932; x_wconf 90' lang='lat' dir='ltr'>eandem</span> <span class='ocrx_word' id='word_1_295' title='bbox 1130 3878 1239 3933; x_wconf 89' lang='lat' dir='ltr'>autem</span> <span class='ocrx_word' id='word_1_296' title='bbox 1261 3891 1307 3932; x_wconf 92' lang='lat' dir='ltr'>re·</span> 
     </span>
     <span class='ocr_line' id='line_1_35' title="bbox 92 3967 1308 4055; baseline 0.003 -23"><span class='ocrx_word' id='word_1_297' title='bbox 92 3967 275 4034; x_wconf 88' lang='lat' dir='ltr'>censionem</span> <span class='ocrx_word' id='word_1_298' title='bbox 290 3980 415 4055; x_wconf 87' lang='lat' dir='ltr'>spectat</span> <span class='ocrx_word' id='word_1_299' title='bbox 431 3967 557 4034; x_wconf 87' lang='lat' dir='ltr'>Nonius</span> <span class='ocrx_word' id='word_1_300' title='bbox 575 3992 605 4054; x_wconf 93' lang='lat' dir='ltr'>p.</span> <span class='ocrx_word' id='word_1_301' title='bbox 623 3968 696 4034; x_wconf 81' lang='lat'>103:</span> <span class='ocrx_word' id='word_1_302' title='bbox 715 3967 921 4055; x_wconf 88' lang='lat' dir='ltr'>‚expapillato</span> <span class='ocrx_word' id='word_1_303' title='bbox 936 3969 1084 4048; x_wconf 89' lang='lat' dir='ltr'>brachio,</span> <span class='ocrx_word' id='word_1_304' title='bbox 1103 3970 1195 4054; x_wconf 90' lang='lat' dir='ltr'>quasi</span> <span class='ocrx_word' id='word_1_305' title='bbox 1206 3992 1308 4055; x_wconf 90' lang='lat' dir='ltr'>usque</span> 
     </span>
     <span class='ocr_line' id='line_1_36' title="bbox 93 4069 1307 4161; baseline 0.002 -27"><span class='ocrx_word' id='word_1_306' title='bbox 93 4070 134 4134; x_wconf 88' lang='lat' dir='ltr'>ad</span> <span class='ocrx_word' id='word_1_307' title='bbox 155 4070 310 4157; x_wconf 88' lang='lat' dir='ltr'>papillam</span> <span class='ocrx_word' id='word_1_308' title='bbox 333 4069 498 4137; x_wconf 84' lang='lat' dir='ltr'>renudato.</span> <span class='ocrx_word' id='word_1_309' title='bbox 541 4071 676 4138; x_wconf 89' lang='lat' dir='ltr'>Plautus</span> <span class='ocrx_word' id='word_1_310' title='bbox 699 4070 768 4140; x_wconf 85' lang='lat' dir='ltr'>Mil.</span> <span class='ocrx_word' id='word_1_311' title='bbox 781 4071 862 4158; x_wconf 89' lang='lat' dir='ltr'>glor.</span> <span class='ocrx_word' id='word_1_312' title='bbox 884 4071 939 4154; x_wconf 90' lang='lat' dir='ltr'>„id</span> <span class='ocrx_word' id='word_1_313' title='bbox 962 4094 1120 4137; x_wconf 89' lang='lat' dir='ltr'>conexum</span> <span class='ocrx_word' id='word_1_314' title='bbox 1141 4073 1175 4135; x_wconf 93' lang='lat' dir='ltr'>in</span> <span class='ocrx_word' id='word_1_315' title='bbox 1197 4094 1307 4161; x_wconf 85' lang='lat' dir='ltr'>umero</span> 
     </span>
     <span class='ocr_line' id='line_1_37' title="bbox 91 4172 1308 4263; baseline 0.002 -26"><span class='ocrx_word' id='word_1_316' title='bbox 91 4173 193 4250; x_wconf 90' lang='lat' dir='ltr'>laevo,</span> <span class='ocrx_word' id='word_1_317' title='bbox 217 4173 412 4263; x_wconf 84' lang='lat' dir='ltr'>expapillatu</span> <span class='ocrx_word' id='word_1_318' title='bbox 436 4174 611 4240; x_wconf 88' lang='lat' dir='ltr'>bracbi0.‘“</span> <span class='ocrx_word' id='word_1_319' title='bbox 655 4172 865 4239; x_wconf 89' lang='lat' dir='ltr'>Ambrosiani</span> <span class='ocrx_word' id='word_1_320' title='bbox 884 4174 1074 4258; x_wconf 88' lang='lat' dir='ltr'>scripturam</span> <span class='ocrx_word' id='word_1_321' title='bbox 1096 4172 1308 4239; x_wconf 88' lang='lat' dir='ltr'>aRitschelio</span> 
     </span>
     <span class='ocr_line' id='line_1_38' title="bbox 91 4275 1307 4366; baseline -0.003 -23"><span class='ocrx_word' id='word_1_322' title='bbox 91 4299 219 4366; x_wconf 91' lang='lat' dir='ltr'>qnoque</span> <span class='ocrx_word' id='word_1_323' title='bbox 240 4290 404 4363; x_wconf 90' lang='lat' dir='ltr'>receptam</span> <span class='ocrx_word' id='word_1_324' title='bbox 426 4288 463 4345; x_wconf 89' lang='lat' dir='ltr'>nt</span> <span class='ocrx_word' id='word_1_325' title='bbox 481 4277 669 4352; x_wconf 90' lang='lat' dir='ltr'>reiciamus,</span> <span class='ocrx_word' id='word_1_326' title='bbox 698 4277 731 4341; x_wconf 94' lang='lat' dir='ltr'>id</span> <span class='ocrx_word' id='word_1_327' title='bbox 760 4277 961 4362; x_wconf 86' lang='lat' dir='ltr'>potissimum</span> <span class='ocrx_word' id='word_1_328' title='bbox 979 4276 1084 4358; x_wconf 87' lang='lat' dir='ltr'>efficit,</span> <span class='ocrx_word' id='word_1_329' title='bbox 1105 4276 1191 4360; x_wconf 91' lang='lat' dir='ltr'>quod</span> <span class='ocrx_word' id='word_1_330' title='bbox 1214 4275 1307 4340; x_wconf 92' lang='lat' dir='ltr'>metri</span> 
     </span>
     <span class='ocr_line' id='line_1_39' title="bbox 90 4379 1346 4469; baseline -0.002 -25"><span class='ocrx_word' id='word_1_331' title='bbox 90 4380 197 4466; x_wconf 88' lang='lat' dir='ltr'>gratia</span> <span class='ocrx_word' id='word_1_332' title='bbox 212 4381 306 4446; x_wconf 84' lang='lat' dir='ltr'>tertia</span> <span class='ocrx_word' id='word_1_333' title='bbox 322 4380 420 4446; x_wconf 87' lang='lat' dir='ltr'>verbi·</span> <span class='ocrx_word' id='word_1_334' title='bbox 433 4382 620 4469; x_wconf 78' lang='lat' dir='ltr'>acpapillure</span> <span class='ocrx_word' id='word_1_335' title='bbox 641 4379 766 4466; x_wconf 82' lang='lat' dir='ltr'>syllaba</span> <span class='ocrx_word' id='word_1_336' title='bbox 783 4380 975 4466; x_wconf 89' lang='lat' dir='ltr'>corripiatur</span> <span class='ocrx_word' id='word_1_337' title='bbox 990 4401 1120 4444; x_wconf 88' lang='lat' dir='ltr'>necesse</span> <span class='ocrx_word' id='word_1_338' title='bbox 1138 4391 1195 4443; x_wconf 84' lang='lat' dir='ltr'>est.</span> <span class='ocrx_word' id='word_1_339' title='bbox 1233 4401 1307 4442; x_wconf 89' lang='lat' dir='ltr'>nam</span> <span class='ocrx_word' id='word_1_340' title='bbox 1344 4383 1346 4387; x_wconf 81' lang='grc'><strong>’</strong></span> 
     </span>
     <span class='ocr_line' id='line_1_40' title="bbox 91 4481 1307 4572; baseline -0.004 -23"><span class='ocrx_word' id='word_1_341' title='bbox 91 4482 179 4572; x_wconf 91' lang='lat' dir='ltr'>quod</span> <span class='ocrx_word' id='word_1_342' title='bbox 186 4481 361 4550; x_wconf 86' lang='lat' dir='ltr'>Muellerus</span> <span class='ocrx_word' id='word_1_343' title='bbox 367 4483 473 4572; x_wconf 88' lang='lat' dir='ltr'>(Pros.</span> <span class='ocrx_word' id='word_1_344' title='bbox 479 4483 587 4549; x_wconf 87' lang='lat' dir='ltr'>Plaut.</span> <span class='ocrx_word' id='word_1_345' title='bbox 599 4482 714 4572; x_wconf 69' lang='lat' dir='ltr'>past)</span> <span class='ocrx_word' id='word_1_346' title='bbox 727 4483 992 4572; x_wconf 86' lang='lat' dir='ltr'>significationem</span> <span class='ocrx_word' id='word_1_347' title='bbox 1005 4482 1099 4547; x_wconf 90' lang='lat' dir='ltr'>huius</span> <span class='ocrx_word' id='word_1_348' title='bbox 1110 4481 1199 4546; x_wconf 88' lang='lat' dir='ltr'>vocis</span> <span class='ocrx_word' id='word_1_349' title='bbox 1211 4503 1307 4568; x_wconf 88' lang='lat' dir='ltr'>quum</span> 
     </span>
    </p>
   </div>
   <div class='ocr_carea' id='block_1_2' title="bbox 0 0 1524 5220">
    <p class='ocr_par' dir='ltr' id='par_1_4' title="bbox 0 0 1524 5220">
     <span class='ocr_line' id='line_1_41' title="bbox 0 0 1524 5220; baseline 0 1"><span class='ocrx_word' id='word_1_350' title='bbox 0 0 1524 5220; x_wconf 95' lang='lat' dir='ltr'> </span> 
     </span>
    </p>
   </div>
  </div>
 </body>
</html>
