3038 5220
736 264 778 330 59

148 472 242 550 inest,
266 494 393 549 vereor,
428 494 467 536 ne
489 472 531 535 ad
554 472 724 536 veritatem
751 494 809 536 nos
839 470 993 557 expedire
1023 494 1085 536 non
1106 471 1283 556 possimus,
1317 470 1368 535 his

148 577 248 639 fretus
272 573 464 638 rationibus:
487 596 560 638 curn
575 574 803 660 Megaronides
825 575 970 639 odiosam
991 596 1059 638 rem
1076 575 1117 638 ad
1132 572 1300 640 Calliclem
1317 573 1368 638 de·

148 678 274 742 laturus
296 675 432 739 haesitet
455 687 486 739 et
507 697 565 761 per
581 675 733 763 ambages
756 678 924 765 paullatim
940 678 982 741 ad
1000 698 1068 742 rem
1085 674 1285 761 propositam
1299 698 1368 762 per-

147 781 258 843 venire
280 779 423 854 studeat,
448 777 613 856 Callicles,
641 789 678 843 ut
700 781 741 844 ad
770 781 907 868 quodvis
934 779 1144 867 opprobrium
1170 778 1366 845 audiendum

147 892 354 966 separatum
377 903 447 944 esse
463 881 660 946 demonstret
682 893 714 946 et
729 883 974 970 Megaronidem
997 882 1038 946 ad
1062 904 1131 946 rem
1154 881 1363 966 aperiendam

149 994 359 1060 commoveat,
376 985 403 1047 si
420 983 585 1048 Palatinos
602 985 800 1070 respicimus,
817 986 898 1050 haec
915 987 976 1050 ait:
998 986 1074 1063 iam,
1091 984 1239 1070 quamvis
1262 1006 1362 1070 grave

146 1087 203 1165 sit,
232 1087 319 1170 quod
345 1108 395 1149 me
425 1098 634 1153 accusaturus
657 1109 706 1166 es,
734 1088 830 1173 cupio
852 1089 943 1152 scire.
995 1109 1078 1172 quae
1108 1085 1268 1150 sententia
1291 1108 1363 1150 cum

145 1211 205 1275 per
220 1212 254 1252 se
272 1189 312 1252 ad
329 1190 427 1252 totius
449 1188 512 1252 loci
528 1190 669 1253 indolem
685 1189 779 1276 longe
802 1190 917 1255 melius
940 1190 1085 1274 quadret,
1110 1210 1208 1275 quam
1232 1187 1366 1253 Ambro-

145 1291 228 1355 siani
250 1291 475 1376 interrogatio,
509 1293 587 1376 quin
611 1313 686 1356 vere
706 1292 858 1360 Plautina
881 1293 922 1357 sit
956 1314 1049 1356 nemo
1076 1289 1246 1368 dubitabit,
1279 1291 1306 1354 si
1332 1289 1366 1354 in

146 1393 243 1459 simili
276 1415 384 1458 rerum
419 1395 606 1459 condicione
641 1395 754 1459 eadem
787 1395 965 1460 elocutione
1004 1393 1181 1459 identidem
1214 1393 1366 1458 Plautum

144 1519 239 1561 usum
263 1517 333 1560 esse
356 1497 540 1561 viderimus.
584 1498 616 1560 in
632 1496 821 1564 Mercatoris
844 1508 935 1563 actus
957 1499 1054 1584 primi
1078 1518 1194 1562 scaeua
1217 1496 1359 1562 secunda

146 1621 220 1664 cum
243 1595 407 1664 Acanthio
429 1622 512 1684 quae
536 1601 702 1666 calamitas
719 1601 861 1668 Charino
883 1602 1036 1666 acciderit
1057 1609 1225 1666 cunctetur
1247 1598 1364 1677 dicere,

146 1700 307 1768 Charinus
335 1704 475 1789 primum
508 1727 561 1768 vv.
585 1705 654 1772 133.
680 1706 741 1770 134
768 1727 809 1769 ex
838 1727 875 1769 eo
905 1704 983 1791 quid
1012 1705 1135 1768 facturn
1162 1704 1203 1768 sit
1226 1702 1362 1790 quaerit,

146 1815 215 1868 tum
244 1805 359 1868 iterum
390 1805 587 1871 Acanthioni
617 1808 716 1872 instat
743 1807 851 1874 verbis
882 1809 999 1893 loquere
1028 1808 1062 1870 id
1089 1809 1189 1893 nepoti
1214 1807 1365 1892 quidquid

147 1907 222 1992 est1)
246 1906 357 1970 eodem
381 1908 486 1986 modo,
509 1931 573 1993 quo
600 1910 680 1974 Tria.
703 1911 744 1976 88
767 1933 808 1975 ex
831 1910 1054 1975 Palatinorum
1076 1909 1267 1974 testimonio.
1307 1928 1366 1973 nee

146 2009 238 2073 aliter
273 2009 367 2076 habet
399 2009 464 2077 Ces.
488 2011 597 2089 1115,
626 2012 667 2075 14
688 2022 720 2075 et
744 2013 799 2090 18,
828 2011 882 2076 ubi
911 2012 1106 2096 Lysidamus
1135 2011 1270 2098 (Stulino
1292 2020 1366 2076 ante

151 2111 365 2178 Studemundi
389 2115 606 2178 emendationes
628 2116 789 2180 Plautinas
811 2116 944 2180 emissas
967 2114 1049 2179 falso
1071 2113 1268 2200 appellatus)
1292 2122 1365 2200 post

149 2215 280 2278 iteratas
310 2215 576 2301 interrogationes
604 2216 653 2280 his
680 2216 787 2281 verbis
815 2240 943 2282 servum
967 2217 1155 2302 alloquitur:
1183 2214 1280 2298 ,Nam
1304 2217 1366 2280 nisi

147 2339 190 2382 ex
212 2328 242 2381 te
265 2318 346 2396 scio,
380 2319 538 2405 quidquid
560 2320 621 2384 hoc
644 2333 692 2384 est
714 2320 792 2398 cite,
822 2320 887 2384 iam
915 2319 974 2384 tibi
1002 2320 1087 2384 istuc
1115 2318 1282 2383 cerebrum
1304 2318 1365 2383 dis-

146 2420 337 2506 percutiam‘
364 2431 396 2485 et
417 2420 476 2486 ΙΠ
497 2422 527 2499 5,
551 2423 590 2486 21
625 2422 692 2498 ‚sed
721 2422 781 2486 hoc
805 2422 963 2507 quidquid
990 2432 1053 2501 est,
1075 2421 1227 2506 loquere‘.
1273 2423 1361 2486 Asina.

146 2521 223 2587 295:
247 2522 310 2601 ,ibo
338 2523 510 2613 adversum
532 2535 628 2608 atque
655 2523 798 2589 electabo
821 2524 979 2612 quidquid
1002 2535 1074 2601 est‘3
1102 2525 1142 2590 cf.
1164 2523 1299 2589 Brixius
1321 2523 1363 2587 ad

145 2626 215 2691 Mil.
237 2625 312 2710 plor.
342 2648 370 2692 v.
399 2627 471 2694 311.
524 2627 662 2714 denique
696 2627 849 2713 quoniam
881 2628 915 2691 in
949 2628 1158 2692 collocatione
1192 2627 1362 2694 verborum

146 2726 290 2792 Palatini
312 2727 403 2792 nobis
425 2728 552 2813 probati
575 2739 664 2808 sunt,
693 2751 731 2794 eo
752 2729 879 2796 facilius
902 2729 941 2794 iis
962 2730 995 2793 in
1016 2729 1079 2794 fine
1102 2751 1229 2816 quoque
1252 2750 1365 2794 versus

148 2827 246 2893 fidem
280 2827 515 2916 habebimust)
558 2827 767 2897 Ambrosiani
800 2842 908 2899 autem
942 2832 1114 2897 correctori
1142 2832 1271 2897 videtur
1302 2830 1363 2896 dis-

147 2930 316 3017 plicuisse,
351 2931 438 3016 quod
467 2955 487 2996 a
513 2933 611 2998 verbo
639 2935 759 3000 sciendi
783 2935 904 3020 duplex
930 2935 1091 3001 obiectum
1118 2935 1212 3013 ,istuc
1233 2935 1362 3023 negoti‘,

147 3033 317 3118 ,quidquid
351 3045 408 3100 est‘
423 3067 425 3072 v
442 3036 577 3122 pendet3
605 3037 755 3123 quocirca
792 3038 978 3104 recordatus
1013 3037 1157 3103 locorum
1184 3037 1271 3101 velut
1297 3035 1363 3102 Cea.

146 3135 204 3200 III
226 3137 256 3214 ὃ,
281 3137 321 3201 lb
337 3136 461 3218 ,Timeo
478 3138 540 3203 hoc
555 3140 663 3226 negoti
680 3140 758 3223 quid
774 3140 852 3204 siet‘.
887 3143 981 3205 Mero.
1000 3140 1062 3207 789
1084 3139 1229 3219 ,Nesceis
1251 3139 1362 3225 negoti

148 3238 228 3323 quid
261 3239 323 3318 sit‘,
358 3240 510 3305 similium
545 3242 719 3307 multorum
752 3244 807 3328 (cf.
842 3242 968 3307 Becher
996 3243 1016 3311 l.
1046 3267 1071 3310 c.
1102 3267 1134 3328 p.
1159 3243 1234 3329 179)
1267 3242 1362 3307 inter·

148 3343 349 3424 rogationem
383 3343 548 3428 obliquam
571 3345 735 3423 formavit,
770 3368 833 3429 quo
855 3345 904 3423 fit,
938 3355 975 3410 ut
996 3349 1071 3410 istuc
1096 3348 1195 3432 nepoti
1215 3345 1368 3431 iungatur

148 3446 325 3510 sententiae
348 3446 567 3515 secundariae.

237 3548 318 3613 Tria.
341 3549 405 3614 398

192 3650 241 3713 A:
264 3650 350 3716 Suad
372 3650 575 3716 senectuti
597 3650 754 3716 acriorem
776 3651 915 3716 hiemem
939 3662 1041 3738 parat,

267 3753 350 3819 Cum
372 3754 455 3843 illit)
477 3755 683 3841 inportunam
707 3764 930 3840 tempestatem
954 3754 1078 3819 conciet

189 3857 232 3924 P:
256 3856 342 3923 suae
364 3857 565 3923 senectuti
588 3858 620 3921 is
643 3856 799 3921 acriorem
822 3879 849 3921 e.
872 3879 902 3942 q.
926 3879 951 3921 s.

148 3957 389 4025 Studemundus
416 3961 497 4024 Mus.
525 3961 621 4024 Rhea.
650 3958 746 4024 XXI
778 3983 810 4046 p.
839 3959 916 4026 602:
949 3959 1000 4042 ‚In
1033 3959 1068 4024 A
1099 3959 1180 4025 fehlt
1213 3961 1246 4025 is
1274 3982 1365 4048 ganz.

217 4113 238 4180 ¹)
255 4111 439 4180 Ritschelius,
467 4113 514 4182 qui
533 4113 563 4167 in
584 4114 657 4168 Tria.
675 4132 701 4169 v.
719 4115 753 4170 88
771 4113 991 4168 Ambrosianum
1008 4116 1120 4169 secutus
1138 4116 1206 4180 erat,
1233 4115 1269 4170 ob
1286 4113 1363 4168 illius

149 4195 317 4266 scripturam
335 4197 420 4252 etiam
437 4199 491 4253 hoc
509 4215 591 4252 versu
609 4198 722 4268 scripsit
738 4199 801 4270 qaid
818 4200 874 4253 siet.

216 4299 240 4366 ²)
257 4297 354 4367 Neque
380 4302 473 4354 tamen
499 4299 599 4369 ignoro
626 4301 707 4354 stica.
734 4301 786 4356 202
815 4301 937 4372 quicquid
964 4318 1015 4370 pro
1045 4301 1109 4371 quid
1135 4304 1164 4355 et
1192 4301 1290 4354 Pseud.
1317 4301 1367 4354 713

147 4382 270 4451 quicquid
289 4393 364 4452 opust
380 4399 432 4452 pro
450 4384 474 4435 si
492 4383 555 4452 quid
573 4392 649 4453 optat
666 4383 695 4436 in
713 4384 737 4438 P
755 4383 826 4438 falso
845 4384 908 4454 legi.

215 4484 237 4551 ⁸)
254 4483 301 4537 lui
317 4483 499 4551 Ribbeckius,
517 4485 592 4538 illam
611 4483 691 4539 codd.
