3038 5220
740 268 781 330 55

659 359 859 368 *-

153 472 362 535 coniunctum
384 471 549 536 invenitur
571 494 676 555 neque
700 473 795 537 aliam
818 495 957 557 usquam
980 472 1246 557 significationem
1274 471 1374 536 habet

153 574 214 637 nisi
247 575 405 660 oielsdltip,
437 577 470 637 in
501 575 590 637 rn'elat¹
622 575 812 662 Bezialtun9;
855 577 894 640 cf.
918 576 1031 639 Bocclt.
1065 576 1127 640 385
1164 574 1373 657 ,multimodis

149 676 323 740 meditatus
335 686 432 753 sum‘3
447 678 516 740 Mil.
528 678 603 761 plor.
618 677 701 740 1190
716 678 924 754 ,multimodis
940 678 1053 763 sapis‘3
1067 679 1151 742 Pera.
1167 677 1228 742 706
1244 700 1372 759 ,nomen

151 779 348 843 multimodis
365 780 519 863 scriptum
536 785 603 848 est‘.
637 802 749 844 servus
765 783 863 868 igitur
879 780 976 844 fidem
999 802 1089 843 suam
1112 802 1190 865 erga
1206 780 1372 844 dominum

150 881 327 945 iactaturus
341 904 402 946 nou
422 882 508 946 dioet
523 883 720 957 ,multimodis
726 885 813 969 fidas
827 889 913 961 aam‘,
929 905 1003 948 cum
1015 884 1143 947 maltum
1155 885 1236 968 fidus
1248 883 1372 968 aptissi-

151 1007 240 1048 mum
255 985 311 1061 sit;
335 987 375 1048 cf.
396 983 529 1048 Brixius
552 983 594 1048 ad
613 983 699 1070 Capt.
723 984 795 1048 272.
826 985 926 1062 vides,
943 987 1012 1050 vix
1030 985 1096 1050 ullo
1118 986 1213 1050 modo
1236 988 1371 1050 auctori·

150 1096 249 1151 tatem
265 1086 475 1151 Ambrosiani
497 1108 591 1171 posse
611 1086 779 1150 vindicari.
823 1087 902 1170 quid
926 1109 1002 1151 vero
1017 1087 1180 1152 Palatini?
1203 1087 1371 1174 inquibus

150 1190 226 1273 quia
260 1191 340 1253 unde
372 1188 417 1252 ic?
461 1189 591 1252 omnino
624 1189 728 1265 deest,
763 1189 993 1255 Fleckeiseuus
1017 1213 1127 1255 eorum
1150 1190 1368 1255 recensionem

153 1300 334 1355 restaurare
357 1291 418 1356 sibi
443 1291 530 1356 visus
553 1302 602 1356 est
625 1291 685 1356 bac
709 1291 883 1377 scriptura:

304 1393 368 1459 Ero
392 1416 501 1459 servos
524 1394 661 1461 multum
684 1416 743 1459 suo
765 1395 821 1478 qui
843 1393 973 1459 fidelist.

150 1496 207 1560 sed
230 1497 375 1581 quisquis
400 1519 551 1561 versuum
574 1497 644 1562 783.
664 1497 727 1562 784
744 1497 859 1561 miram
886 1497 918 1560 in
939 1496 1125 1582 Pspeeiem
1150 1496 1370 1562 observaverit

151 1621 213 1663 non
247 1599 422 1682 dubitabit,
458 1600 536 1683 quin
568 1601 600 1663 in
636 1601 813 1686 archetypo
846 1600 1070 1667 Palatinarum
1104 1622 1222 1686 graves
1256 1600 1370 1665 turbae

148 1701 278 1778 fuerint,
302 1703 419 1786 quibus
442 1702 539 1767 etiam
561 1705 641 1767 unde
662 1706 688 1766 ia
709 1703 850 1788 perierit.
896 1724 979 1786 quae
1002 1703 1102 1766 verba
1124 1702 1151 1765 si
1174 1726 1215 1767 ex
1241 1705 1269 1766 A
1292 1703 1369 1767 reei-

150 1802 265 1886 pimus,
291 1804 370 1868 baec
392 1827 505 1869 versus
528 1806 632 1868 forma
654 1805 685 1868 in
710 1805 865 1869 iudicium
888 1804 1036 1869 vocanda
1059 1815 1107 1868 est

303 1905 369 1969 Ero
392 1927 502 1971 servos
525 1907 661 1972 multum
684 1896 744 1973 asad
764 1907 879 1972 fidelis.
903 1909 911 1994 ll
933 1907 1020 1974 unde
1043 1906 1093 1974 is'?

150 2028 190 2070 ne
212 2007 283 2092 ipsa
300 2008 431 2092 quidem
443 2007 485 2073 ab
502 2009 589 2072 omni
604 2019 696 2093 parte
712 2008 870 2074 absoluta.
907 2000 1101 2096 Spengelius
1126 2009 1211 2073 enim
1227 2011 1261 2073 in
1275 2010 1369 2086 libro,

150 2110 203 2174 cui
226 2111 336 2176 titulus
359 2122 407 2175 est
429 2112 681 2198 Rasormvoracld
703 2135 729 2178 a.
745 2113 834 2175 Matr.
860 2113 890 2179 d.
913 2113 967 2196 lar.
992 2112 1148 2175 Versorten
1171 2113 1218 2175 ta·
1233 2114 1371 2190 Plautus,

150 2235 180 2297 p.
200 2213 259 2276 101
282 2236 352 2300 sqq.
372 2213 565 2291 observavit,
586 2213 725 2299 syuizesi
742 2216 776 2276 in
793 2214 966 2278 bacchiaco
982 2227 1083 2276 metro
1099 2213 1206 2278 locum
1221 2237 1285 2279 uon
1302 2237 1372 2278 esse

150 2315 212 2379 nisi
247 2317 278 2380 in
314 2316 388 2386 arsi.
434 2338 532 2401 quam
565 2315 772 2380 offensionem
807 2327 843 2380 ut
872 2317 1036 2393 tollamus,
1062 2317 1149 2403 fidus
1182 2339 1240 2401 pro
1271 2319 1371 2402 fidelia

150 2418 354 2483 scribendum
389 2431 450 2498 est,
484 2441 548 2483 non
578 2419 654 2503 quia
683 2419 717 2484 A
745 2418 807 2482 hoc
830 2417 971 2481 servavit
995 2453 1036 2464 -
1063 2439 1138 2481 nam
1169 2439 1210 2481 ex
1233 2438 1371 2483 versuo

149 2532 328 2585 correctore
350 2532 522 2586 retractato
544 2521 716 2605 quominus
735 2519 895 2586 incautius
916 2519 995 2603 quid
1016 2541 1181 2586 sumamus
1201 2519 1372 2606 diligenter

148 2624 328 2688 cavendum
352 2645 421 2688 esse
443 2624 620 2688 identidem
644 2623 784 2687 diximus
807 2660 849 2671 -
871 2622 928 2686 sed
958 2623 1034 2707 quia
1055 2622 1157 2687 lenior
1178 2622 1304 2688 medela
1326 2623 1370 2686 in·

149 2726 250 2791 veniri
272 2726 400 2810 nequit3
413 2728 513 2811 fidelia
537 2727 621 2791 euim
637 2748 696 2811 pro
711 2727 798 2813 fidas
819 2724 924 2789 scriba
940 2725 1053 2788 eodem
1076 2746 1182 2789 errore
1205 2726 1371 2811 scripsisse

149 2830 289 2907 videtur,
323 2852 387 2914 quo
421 2831 490 2893 Mil.
512 2831 589 2915 plor.
623 2852 654 2893 v.
686 2829 769 2893 1015
802 2828 834 2892 in
862 2827 1007 2913 Bfidea,
1041 2829 1073 2892 in
1104 2827 1165 2895 OD
1184 2831 1290 2916 fidelia
1311 2852 1370 2915 pro

149 2935 237 3008 ridor,
261 2933 346 3016 quod
370 2942 472 2996 metro
496 2932 693 3017 postulatur,
723 2941 891 2996 exaratum
914 2939 973 2994 est.
1017 2951 1129 2994 versus
1160 2930 1261 3015 igitur
1282 2931 1314 2994 in
1341 2932 1370 2995 P

150 3034 215 3098 levi
237 3035 368 3099 macula
383 3035 568 3120 adspersus,
592 3034 624 3098 iu
640 3034 675 3099 A
698 3033 844 3099 consulto
862 3041 1054 3097 retractatus
1070 3033 1115 3096 ita
1131 3032 1288 3117 legendus
1306 3043 1370 3097 est:

301 3153 368 3218 Elro
392 3177 502 3219 servos
524 3155 663 3221 multum
688 3176 745 3218 suo
767 3152 860 3216 fidus.
882 3152 891 3238 ΙΙ
913 3153 999 3216 uude
1022 3152 1107 3236 is?¹)

233 3275 327 3338 Mero.
350 3272 413 3338 256
435 3284 468 3337 et
490 3273 553 3339 260

150 3393 213 3457 256
234 3394 279 3458 A:
302 3394 480 3478 Postquam
503 3394 542 3457 id
565 3394 669 3478 quod
699 3394 786 3459 volui
810 3393 969 3478 transegi,
997 3392 1053 3457 ibi
1075 3414 1135 3478 ego
1158 3393 1328 3477 conspicor

301 3495 429 3562 Navem
452 3518 492 3562 ex
516 3497 646 3576 Rbod03

235 3613 278 3678 P:
301 3614 480 3700 Postquam
502 3615 541 3680 id
563 3615 625 3681 bic
648 3616 751 3701 quod
773 3616 871 3694 volui,
894 3615 1047 3700 transegi,
1069 3625 1189 3699 atque
1212 3637 1273 3700 ego
1296 3637 1368 3680 con-

964 3719 1071 3804 spicor

150 3838 212 3903 259
234 3838 283 3903 A:
307 3838 502 3904 Inscendo
523 3838 557 3902 in
579 3836 721 3901 lembum
743 3846 840 3921 atque
862 3836 904 3901 ad
928 3858 1046 3900 navem
1068 3834 1245 3899 devehor

149 3957 213 4023 260
297 3958 409 4042 Atque
431 3958 488 4023 ibi
511 3979 581 4044 ego
603 3955 725 4041 aspicio
747 3957 851 4022 forma
873 3957 993 4022 eximia
1016 3954 1182 4020 mulierem

236 4319 255 4382 ¹)
275 4315 323 4371 Sic
341 4315 426 4369 etiam
453 4314 619 4385 Spengelius
645 4314 675 4366 in
703 4318 854 4384 conspectu
881 4314 1053 4369 canticorum
1080 4313 1176 4368 Plauti
1202 4314 1231 4366 et
1254 4310 1370 4365 Terenti

146 4400 380 4471 (Refomvorscll.
407 4400 524 4468 nasa)
551 4415 663 4453 vorsum
687 4399 837 4467 expressit,
864 4396 973 4467 inipso
997 4398 1070 4454 libro
1095 4398 1130 4452 de
1153 4397 1278 4453 bacchiis
1301 4397 1369 4452 satis

150 4486 261 4556 copiose
279 4485 417 4540 disserens
434 4500 497 4539 eum
514 4501 572 4540 nou
589 4483 826 4540 commemoravit.
