3038 5220
795 298 837 362 32

716 388 917 397 ——-—

292 504 405 567 Pseud.
428 502 489 566 377

248 620 332 706 A¹):
371 619 444 686 Hoc
479 620 663 689 officium
700 631 879 697 meumst3
917 618 1013 685 mihi
1049 641 1165 708 operae
1193 619 1221 684 si
1254 618 1315 697 sit,
1363 618 1439 707 plus

818 734 925 788 tecum
947 722 1062 810 loquar

250 823 296 890 P:
329 823 404 891 Hoc
431 836 594 890 meumst
624 823 821 902 officinm3
850 847 921 911 ego
948 846 1064 913 operae
1087 824 1114 889 si
1135 823 1193 902 sit,
1225 823 1300 909 plus
1323 832 1440 888 tecum

818 928 951 1012 loquar'

292 1044 468 1131 Niemeyer
490 1068 521 1134 p.
544 1046 587 1111 20
607 1069 722 1132 parum
743 1046 913 1133 diligenter
933 1042 1072 1109 iudicat:
1096 1042 1151 1121 „in
1174 1043 1203 1109 A
1226 1063 1345 1108 verum
1371 1054 1443 1123 est;
1509 1102 1511 1107 .

208 1171 282 1213 nam
311 1172 365 1235 epo
387 1149 422 1213 in
444 1148 470 1214 P
492 1148 587 1213 nimis
608 1149 751 1235 graviter
771 1146 994 1236 praeponitur,
1023 1168 1096 1210 cum
1123 1145 1200 1208 miti
1226 1144 1446 1233 aptissimum

208 1251 258 1315 sit.
280 1251 446 1336 quaeritur
460 1251 569 1337 igitur,
592 1274 650 1318 cur
672 1274 725 1338 epo
739 1252 895 1336 scriptum
918 1249 967 1315 sit.
991 1248 1081 1335 atqui
1104 1245 1197 1312 er'unt
1212 1248 1355 1312 fortasse
1381 1246 1442 1333 qui

208 1352 269 1419 hoc
293 1354 443 1440 exemplo
471 1355 517 1419 ita
545 1353 734 1431 abutantur,
762 1366 799 1419 ut
820 1367 892 1440 post
914 1353 1068 1419 omissum
1097 1372 1273 1439 pronomen
1304 1352 1390 1414 mibi
1412 1364 1444 1415 et

178 1519 180 1523 ,
208 1467 282 1543 post
314 1455 509 1542 transposita
544 1454 644 1520 verba
682 1457 815 1544 officium
848 1468 972 1520 mecona
1013 1454 1120 1519 hiatus
1155 1452 1261 1540 gratia
1300 1452 1346 1518 ab
1386 1452 1445 1518 illo

211 1557 380 1623 fastidioso
401 1558 613 1645 grammatico
637 1581 689 1645 epo
711 1559 866 1625 insertum
889 1579 959 1623 esse
974 1557 1093 1622 dicant.
1142 1555 1199 1621 sed
1221 1555 1284 1620 nisi
1300 1554 1445 1621 diversi·

210 1660 310 1726 ¹tatem
347 1660 437 1725 casui
464 1656 605 1726 tribuere
637 1662 749 1745 mavis,
776 1661 831 1726 hic
864 1661 970 1746 potius
1004 1682 1130 1742 versus,
1168 1660 1298 1747 opinor,
1338 1658 1444 1724 corri-

210 1758 339 1848 gendus
358 1772 426 1826 erat

295 1878 371 1946 Hoc
389 1878 531 1946 officium
554 1889 854 1968 meumstvoperae
875 1881 902 1946 si
927 1881 977 1964 sit,
1002 1881 1076 1968 plus
1095 1892 1202 1947 tecum
1223 1880 1345 1965 loquar

211 1992 243 2046 et
254 1982 355 2049 verba
367 1983 502 2070 officium
513 1994 639 2047 mourut
650 1993 763 2070 postea
775 1983 904 2049 demum
917 1983 1113 2072 transposita
1125 1989 1230 2049 sunt.“
1255 1982 1375 2067 itaque
1388 2005 1445 2070 epo

210 2084 305 2149 nimis
319 2084 464 2172 graviter
477 2085 634 2174 praeponi
653 2085 825 2165 contendit,
848 2086 935 2174 quod
956 2085 988 2150 in
1005 2086 1087 2151 thesi
1103 2086 1295 2151 collocatum
1318 2084 1444 2150 ultima

212 2186 340 2273 syllaba
373 2186 451 2252 elisa
483 2188 549 2253 fere
580 2188 759 2253 evanescit!
792 2210 888 2276 porro
917 2190 943 2254 si
972 2210 1126 2275 personae
1154 2188 1241 2254 notio
1269 2186 1444 2254 efferenda

213 2310 276 2354 non
305 2300 362 2367 est,
386 2310 444 2354 cur
465 2291 542 2354 milri
567 2291 751 2376 praeposito
780 2313 844 2355 non
867 2291 1058 2355 sollicitatur
1086 2290 1135 2353 vir
1159 2287 1296 2354 doctus?
1328 2311 1444 2375 neque

212 2390 275 2455 hoc
298 2391 525 2456 animadvertit
538 2391 691 2457 Plautum
714 2393 748 2456 iu
771 2391 1003 2459 elocutionibus
1025 2392 1113 2456 velut
1135 2414 1243 2479 operm
1265 2403 1315 2467 eet,
1343 2394 1445 2456 otium

213 2504 264 2568 cat,
298 2493 367 2559 sim.
400 2494 546 2561 dativum
568 2515 726 2579 personae
747 2495 815 2559 fere
850 2494 978 2580 saepius
1001 2494 1147 2559 omittere
1171 2515 1270 2581 quam
1299 2492 1442 2560 addere.

214 2597 254 2666 cf.
292 2597 376 2661 Ture.
401 2597 462 2662 871
503 2597 626 2676 ‚Otium
654 2597 709 2662 ubi
743 2598 819 2676 erit,
855 2596 894 2660 de
926 2597 997 2661 istis
1030 2595 1127 2664 rebus
1156 2595 1294 2682 amplius
1327 2610 1444 2663 tecum

214 2698 337 2783 loquar‘
359 2700 453 2763 Mero.
478 2698 551 2763 917.
574 2699 646 2763 377.
669 2700 738 2763 Mil.
761 2700 837 2784 plor.
860 2698 931 2766 252.
956 2699 1027 2763 764.
1051 2701 1123 2764 Aul.
1147 2698 1219 2763 320.
1244 2700 1316 2765 771.
1348 2699 1442 2788 Capt.

220 2801 287 2866 183.
310 2802 372 2888 Ep
387 2801 460 2865 423.
478 2801 552 2866 556.
571 2801 637 2867 Cas.
652 2801 711 2866 ΙΠ
726 2802 756 2879 2,
781 2802 830 2866 14.
846 2803 938 2866 Poen.
955 2801 1027 2868 858.
1045 2804 1128 2866 llud.
1146 2803 1220 2867 429.
1243 2814 1316 2866 utra
1336 2803 1445 2890 igitur

214 2904 358 2968 recensio
380 2925 492 2969 verum
515 2906 692 2969 servaverit
715 2904 867 2992 quoniam
889 2927 929 2970 ex
952 2905 1014 2969 hac
1037 2905 1255 2992 discrepantia
1279 2907 1443 2992 cognosci

217 3027 280 3071 non
304 3016 420 3092 potest,
443 3007 482 3070 de
505 3007 596 3071 initio
620 3029 732 3072 versus
755 3028 963 3095 quaeramus,
991 3029 1056 3090 quo
1078 3006 1292 3092 Niemeyerus
1314 3006 1445 3074 Palati-

218 3130 332 3173 norum
355 3109 542 3174 memoriam
566 3131 605 3174 ne
628 3109 813 3174 examinare
841 3108 972 3196 quidem
994 3109 1146 3196 dignatus
1174 3120 1230 3174 est.
1276 3130 1336 3174 nos
1361 3133 1446 3178 vero

217 3231 288 3273 eam
310 3232 370 3295 pro
392 3231 469 3274 vera
491 3209 658 3288 habemus,
681 3232 754 3276 cum
780 3212 951 3278 verborum
974 3211 1052 3276 ordo
1079 3214 1132 3276 boc
1153 3223 1278 3276 mourut
1300 3214 1448 3300 officium

218 3334 349 3399 prorsus
378 3322 453 3397 apte
480 3313 522 3376 ad
545 3313 806 3398 persuadendum
830 3315 1022 3380 defendatur
1049 3338 1078 3382 v.
1102 3315 1178 3391 379,
1212 3315 1268 3380 ubi
1290 3315 1326 3379 A
1357 3317 1447 3383 falso

217 3415 352 3480 eandem
368 3428 464 3500 atque
480 3439 511 3480 v.
526 3414 589 3480 377
612 3417 784 3482 verborum
800 3416 1044 3482 collocationem
1060 3416 1192 3505 praebet
1207 3418 1279 3481 lucc
1292 3424 1449 3485 sententia

221 3531 324 3596 meust,
347 3518 435 3603 quod
456 3530 567 3583 contra
595 3518 762 3584 Palatinos
788 3521 860 3583 baec
886 3532 980 3584 meast
1007 3523 1150 3584 cententio
1179 3530 1265 3585 recte
1288 3540 1447 3590 servasse

220 3631 358 3687 metrum
382 3621 509 3686 evincit.
553 3621 688 3687 lectione
716 3632 823 3687 autem
847 3624 900 3687 boc
921 3635 1045 3687 rucuma
1072 3623 1206 3710 officium
1234 3632 1268 3687 ut
1292 3625 1448 3708 genuina

218 3746 259 3788 ex
288 3722 487 3789 Prostituta
514 3734 550 3791 ut
578 3724 674 3789 etiam
702 3725 803 3789 altero
831 3725 974 3790 eiusdem
1004 3746 1116 3791 versus
1142 3725 1213 3791 loco
1241 3746 1283 3790 ex
1310 3723 1448 3796 duabus

220 3847 323 3911 aeque
344 3825 437 3891 bonis
459 3824 650 3892 lectionibus
672 3849 752 3910 eam,
777 3849 873 3912 quam
895 3827 924 3892 P
946 3827 1115 3916 praebent,
1150 3827 1323 3915 eligamus,
1360 3831 1450 3898 ratio

218 3928 369 4015 postulat.
413 3927 447 3992 in
469 3927 503 3991 A
525 3929 636 3995 turbas
660 3930 799 3994 movisse
822 3930 951 3996 videtur
974 3930 1090 3994 vocula
1112 3951 1165 4015 epo
1187 3939 1244 3994 aut
1266 3950 1347 3995 casu
1376 3948 1450 4017 aut,

218 4029 307 4116 quod
329 4028 436 4095 verbis
464 4053 571 4117 operae
595 4033 622 4094 ei
646 4035 684 4095 eit
712 4031 900 4096 intermissis
928 4053 992 4116 quo
1019 4029 1188 4096 referenda
1214 4040 1298 4094 esset
1334 4032 1451 4101 minus

219 4131 302 4198 bene
317 4131 476 4197 intellexit
492 4143 662 4213 corrector,
679 4134 812 4211 omissa3
834 4157 893 4220 pro
909 4156 973 4219 qua
989 4157 1062 4199 cum
1075 4134 1151 4197 midi
1164 4133 1322 4200 insertum
1349 4148 1452 4219 esset,

224 4234 424 4301 consectaria
446 4235 507 4300 fuit
528 4235 699 4301 verborum
722 4248 848 4301 meorrut
870 4238 1004 4325 officium
1026 4235 1194 4303 collocatio
1216 4234 1360 4302 inversa.

308 4511 329 4579 ¹)
352 4512 386 4565 cf.
405 4480 581 4566 Studemund
599 4526 641 4581 ap.
660 4507 826 4562 Muellerum
844 4509 914 4563 Add.
931 4525 959 4580 p.
971 4511 1002 4564 61
1021 4508 1083 4563 adn.
