3038 5220
649 266 852 367 ...412-

179 470 332 536 Pz'Mibi
375 470 471 536 etiam
516 470 659 536 familiae
702 473 788 538 omni
832 472 872 536 sit
909 493 999 537 meae
1030 482 1149 558 atque
1188 471 1361 537 adeo'ut

747 577 906 640 frumento
928 573 1058 639 affluam

180 676 240 740 Al:
265 675 348 739 Mihi
378 687 409 739 et
431 674 573 740 malitiae
601 698 692 742 meae
719 678 772 762 (de
801 677 987 764 sequentibus
1015 677 1110 740 uubis
1137 701 1196 742 nou
1223 679 1359 762 constat).

138 779 239 843 altera
271 777 431 862 scriptura
460 776 588 842 videtur
614 779 715 843 fuisse
743 792 832 867 atque
854 782 938 853 adeo,
962 778 1064 844 altera
1087 782 1162 844 adeo
1183 793 1225 844 ut.
1270 783 1361 845 etium

139 902 217 945 vero
244 880 326 945 illud
344 879 568 945 Palatinorum
591 882 750 947 sententia
773 905 887 948 carens
910 883 956 946 ita
971 881 1120 968 expedio,
1142 895 1178 947 ut
1199 887 1263 947 iam
1284 882 1360 947 olim

137 982 278 1069 margini
300 980 501 1066 adscriptum
521 980 627 1046 alieno
650 981 720 1046 loco
742 983 776 1046 in
800 984 825 1048 P
847 984 1012 1069 irrepserit
1019 1010 1028 1062 ;
1052 984 1092 1049 de
1115 1008 1178 1070 quo
1201 994 1360 1071 corrupte

137 1085 240 1149 larum
269 1104 388 1169 genere
418 1085 458 1148 cf.
484 1080 519 1147 O.
543 1082 582 1147 F.
606 1082 659 1147 W.
682 1082 820 1149 Mueller
841 1087 927 1149 Phor.
950 1086 1054 1150 Pluut.
1085 1109 1116 1172 p.
1132 1086 1196 1151 524
1217 1109 1263 1170 sq.
1288 1085 1360 1150 674.

138 1188 247 1250 Addit.
270 1185 312 1250 86
334 1208 382 1271 sq.
427 1186 538 1252 Schbll
566 1187 674 1268 Prcef.
710 1187 794 1250 Truc.
818 1187 900 1253 XVI
929 1211 976 1272 sq.
1005 1187 1225 1274 reponendum
1254 1198 1361 1253 autem

138 1299 186 1352 est
208 1300 283 1353 ante
306 1290 455 1376 affluam
476 1290 585 1373 itaque
607 1289 667 1352 has
689 1310 801 1353 versus
824 1290 944 1355 lormas
966 1291 1080 1358 habes:

179 1391 227 1455 Mi
243 1404 274 1456 et
289 1390 430 1457 familiae
451 1392 537 1456 omni
555 1395 596 1456 sit
612 1413 702 1457 meae
718 1402 816 1474 atque
832 1391 912 1457 aded
929 1393 1090 1458 frumento
1101 1393 1165 1456 iarn
1178 1390 1319 1468 affluam,

141 1493 193 1558 vel

182 1595 229 1660 Mi
252 1607 284 1660 et
305 1596 448 1660 familiae
471 1596 559 1660 omni
581 1599 621 1660 sit
643 1616 742 1677 meae,
766 1605 803 1659 ut
825 1594 906 1660 adeo
929 1616 955 1663 e.
979 1618 1009 1680 q.
1032 1620 1057 1661 s.

225 1696 298 1778 Sed,
324 1707 359 1761 ut
373 1719 390 1760 e
407 1697 606 1762 deverticulo
627 1695 768 1775 redeam,
784 1697 834 1761 bis
850 1698 1006 1782 exemplis
1022 1698 1100 1764 nibil
1117 1698 1210 1764 aliud.
1222 1697 1360 1783 probare

140 1797 259 1876 studui,
287 1799 346 1862 nisi
376 1799 544 1864 Loewium
572 1799 688 1864 iniuria
717 1799 936 1865 diversitatem
965 1801 1144 1886 scripturae
1167 1822 1209 1865 ex
1231 1822 1359 1884 corrup·

140 1898 204 1964 tela
227 1898 374 1966 derivare
381 1926 390 1978 ;
419 1901 459 1965 de
481 1913 515 1965 ut
536 1901 598 1966 hoc
621 1901 691 1966 loco
712 1901 765 1966 vel
787 1902 955 1967 retinendo
978 1903 1029 1968 vel
1052 1904 1227 1969 resecando
1250 1915 1362 1990 postea

140 2000 332 2066 videbimus.
370 2003 461 2067 vides
477 2015 593 2082 autem,
616 2005 839 2069 recensionum
860 2005 1038 2090 scripturae
1053 2005 1202 2091 quamvis
1216 2005 1363 2069 diversae

140 2103 218 2181 sint,
251 2115 358 2168 tamen
385 2126 443 2189 per
472 2127 504 2168 se
533 2115 679 2170 neutram
709 2104 800 2169 alteri
824 2106 952 2184 cedere,
983 2107 1104 2172 utiam
1128 2108 1260 2172 metrica
1283 2107 1364 2171 ratio

140 2205 208 2271 sola
229 2199 343 2284 restet,
371 2206 498 2290 qualis
520 2206 698 2275 dirimatur.
749 2228 787 2272 ac
808 2207 958 2273 Loewius
987 2208 1118 2296 quidem
1145 2232 1186 2274 ex
1208 2209 1363 2275 memoria

140 2308 362 2374 Palatinarum
384 2309 469 2373 hanc
492 2309 658 2394 stropham
681 2320 730 2373 sat
752 2310 932 2396 elegantem
957 2311 1152 2377 enucleavit:

396 2494 402 2506 .
489 2411 554 2496 Qui
577 2411 658 2476 hade
679 2411 800 2477 habent
822 2413 973 2477 consilia:

386 2513 452 2578 Ubi
475 2515 551 2579 data
573 2515 740 2593 occasiost,
763 2515 842 2601 rdpe
865 2516 955 2601 clepe

488 2616 586 2694 Tene,
610 2617 766 2704 harpaga,
789 2618 874 2695 bibe,
898 2618 942 2696 es,
966 2620 1053 2703 luge.

388 2719 462 2784 Hdo
483 2720 625 2785 eordmst
648 2741 746 2806 opus:
768 2720 904 2786 mavelis
914 2722 940 2807 ¹)

490 2821 602 2907 Lupds
625 2822 712 2909 apud
735 2824 824 2888 oveis
846 2823 992 2908 linquere

390 2922 497 3007 Quam
519 2923 578 2988 hos
599 2924 688 2989 domi
710 2925 869 2991 custodes.

141 3047 225 3108 quae
259 3025 407 3108 quamvis
441 3027 521 3090 scite
553 3026 738 3112 excogitata
766 3028 817 3105 sit,
855 3037 964 3092 tamen
995 3026 1151 3092 noluerim
1190 3048 1248 3111 pro
1287 3047 1362 3090 vere

140 3125 294 3190 Plautina
322 3126 450 3195 habere.
496 3149 601 3212 neque
628 3128 713 3216 enim
737 3128 770 3193 hi
794 3129 909 3194 breves
938 3127 1089 3194 versiculi
1117 3128 1362 3215 concitatusque

141 3229 322 3314 rhythmus,
346 3228 463 3317 quibus
486 3230 591 3294 varios
614 3231 720 3315 potius
743 3230 843 3296 animi
865 3242 986 3309 motus,
1016 3230 1249 3296 dubitationem
1272 3252 1362 3315 spem

141 3332 307 3419 gaudium,
330 3345 427 3418 poeta
449 3333 632 3418 exprimere
654 3334 748 3412 solet,
771 3334 868 3399 totius
891 3333 1008 3399 cantici
1031 3333 1133 3397 indoli
1156 3333 1360 3410 conveniunt,

142 3456 246 3518 neque
284 3457 410 3512 versus,
451 3435 491 3499 de
525 3434 642 3519 quibus
670 3437 814 3523 agimus,
848 3436 1004 3521 singulari
1039 3435 1178 3518 quodam
1214 3457 1361 3518 novoque

143 3548 343 3623 argumento,
366 3537 452 3602 unde
475 3537 631 3603 rationem
654 3539 747 3602 metri
769 3539 882 3603 mutati
910 3552 1053 3622 repetere
1076 3536 1195 3621 possis,
1218 3537 1361 3622 insignes

142 3651 226 3703 sunt.
271 3640 368 3704 immo
385 3650 421 3703 ut
437 3651 531 3726 poeta
552 3640 803 3705 consiliototum
819 3643 886 3704 fere
902 3639 1064 3703 canticum
1079 3638 1189 3703 metris
1205 3637 1361 3716 iambicis,

143 3742 324 3819 trochaicis,
347 3742 571 3826 anapaesticis,
594 3742 715 3829 quippe
739 3765 821 3828 quae
844 3743 1061 3808 tumultuosae
1083 3741 1207 3805 lenonis
1226 3741 1363 3806 orationi

143 3844 284 3908 maxime
300 3843 541 3909 accommodata
563 3845 638 3922 sint,
654 3845 843 3909 intermissis
862 3843 982 3929 passim
999 3841 1163 3919 clausulis,
1178 3863 1366 3927 percurrere

143 3944 251 4026 voluit,
259 3945 304 4008 ita
316 3944 368 4009 bio
381 3967 509 4030 quoque
520 3967 621 4009 unum
633 3966 674 4009 ex
686 3944 749 4008 illis
762 3945 852 4010 metri
861 3944 1075 4031 generibusut
1086 3947 1290 4009 restituamus
1299 3966 1363 4008 non

144 4045 245 4110 solum
264 4047 443 4131 argumenti
462 4045 646 4128 similitudo,
666 4046 723 4111 sed
742 4047 928 4112 etiamnum
940 4045 1148 4111 Ambrosiani
1161 4058 1228 4111 tum
1243 4046 1362 4110 Palati-

142 4170 256 4212 norum
272 4148 425 4213 memoria
446 4169 505 4212 nos
520 4159 636 4212 monet.
676 4160 773 4233 atque
784 4149 950 4214 Palatinos
966 4149 992 4212 si
1008 4149 1182 4232 sequimur,
1203 4144 1366 4212 lenissima

143 4250 317 4315 mutatione
340 4252 426 4316 facta
453 4261 590 4315 metrum
612 4250 701 4314 nulla
728 4272 768 4315 ex
793 4261 886 4336 parte
915 4250 1215 4337 reprehendendum
1240 4250 1361 4336 prodit:

228 4351 301 4434 Hdc
324 4374 433 4417 eorum
457 4363 562 4436 opust,
586 4364 621 4416 ut
643 4352 776 4418 mavelis
798 4352 891 4439 lupds
916 4352 1003 4438 apud
1025 4352 1113 4417 oveis
1136 4352 1281 4443 linquere

520 4454 627 4538 Quam
652 4455 708 4520 hos
731 4456 818 4520 domi
841 4453 1000 4519 custddes.

229 4591 249 4658 ¹)
266 4589 359 4645 deleto
376 4599 404 4642 ct
421 4594 487 4644 ante
503 4592 618 4646 movetis.
