<?xml version="1.0" encoding="UTF-8"?>
<!DOCTYPE html PUBLIC "-//W3C//DTD XHTML 1.0 Transitional//EN"
    "http://www.w3.org/TR/xhtml1/DTD/xhtml1-transitional.dtd">
<html xmlns="http://www.w3.org/1999/xhtml" xml:lang="en" lang="en">
 <head>
  <title>
</title>
<meta http-equiv="Content-Type" content="text/html;charset=utf-8" />
  <meta name='ocr-system' content='tesseract 3.04.00' />
  <meta name='ocr-capabilities' content='ocr_page ocr_carea ocr_par ocr_line ocrx_word'/>
</head>
<body>
  <div class='ocr_page' id='page_1' title='image "./deplautifabular01baiegoog_0094.png"; bbox 0 0 3038 5220; ppageno 0'>
   <div class='ocr_carea' id='block_1_1' title="bbox 743 217 785 281">
    <p class='ocr_par' dir='ltr' id='par_1_1' title="bbox 743 217 785 281">
     <span class='ocr_line' id='line_1_1' title="bbox 743 217 785 281; baseline 0.024 -1"><span class='ocrx_word' id='word_1_1' title='bbox 743 217 785 281; x_wconf 77' lang='lat'><strong>85</strong></span> 
     </span>
    </p>
   </div>
   <div class='ocr_carea' id='block_1_2' title="bbox 99 418 1411 4287">
    <p class='ocr_par' dir='ltr' id='par_1_2' title="bbox 152 418 1369 502">
     <span class='ocr_line' id='line_1_2' title="bbox 152 418 1369 502; baseline 0.004 -20"><span class='ocrx_word' id='word_1_2' title='bbox 152 441 214 502; x_wconf 90' lang='lat' dir='ltr'><strong>quo</strong></span> <span class='ocrx_word' id='word_1_3' title='bbox 247 418 319 483; x_wconf 88' lang='lat' dir='ltr'><strong>loco</strong></span> <span class='ocrx_word' id='word_1_4' title='bbox 343 419 403 483; x_wconf 91' lang='lat' dir='ltr'><strong>uisi</strong></span> <span class='ocrx_word' id='word_1_5' title='bbox 425 442 536 484; x_wconf 87' lang='lat' dir='ltr'><strong>casum</strong></span> <span class='ocrx_word' id='word_1_6' title='bbox 561 421 642 486; x_wconf 90' lang='lat' dir='ltr'><strong>miro</strong></span> <span class='ocrx_word' id='word_1_7' title='bbox 674 423 769 485; x_wconf 92' lang='lat' dir='ltr'><strong>modo</strong></span> <span class='ocrx_word' id='word_1_8' title='bbox 798 422 938 486; x_wconf 89' lang='lat' dir='ltr'><strong>valuisse</strong></span> <span class='ocrx_word' id='word_1_9' title='bbox 966 422 1141 500; x_wconf 89' lang='lat' dir='ltr'><strong>credimus,</strong></span> <span class='ocrx_word' id='word_1_10' title='bbox 1170 421 1251 486; x_wconf 91' lang='lat' dir='ltr'><strong>nihil</strong></span> <span class='ocrx_word' id='word_1_11' title='bbox 1279 423 1369 487; x_wconf 91' lang='lat' dir='ltr'><strong>relin-</strong></span> 
     </span>
    </p>

    <p class='ocr_par' dir='ltr' id='par_1_3' title="bbox 152 520 1370 610">
     <span class='ocr_line' id='line_1_3' title="bbox 152 520 1370 610; baseline 0.004 -26"><span class='ocrx_word' id='word_1_12' title='bbox 152 520 270 604; x_wconf 85' lang='lat' dir='ltr'><strong>quitur,</strong></span> <span class='ocrx_word' id='word_1_13' title='bbox 283 521 344 584; x_wconf 92' lang='lat' dir='ltr'><strong>nisi</strong></span> <span class='ocrx_word' id='word_1_14' title='bbox 357 524 622 590; x_wconf 86' lang='lat' dir='ltr'><strong>utPulatinorum</strong></span> <span class='ocrx_word' id='word_1_15' title='bbox 629 525 877 610; x_wconf 89' lang='lat' dir='ltr'><strong>grammaticum</strong></span> <span class='ocrx_word' id='word_1_16' title='bbox 889 521 1013 588; x_wconf 89' lang='lat' dir='ltr'><strong>iambos</strong></span> <span class='ocrx_word' id='word_1_17' title='bbox 1025 524 1142 610; x_wconf 81' lang='lat' dir='ltr'><strong>legisse</strong></span> <span class='ocrx_word' id='word_1_18' title='bbox 1154 547 1329 603; x_wconf 86' lang='lat' dir='ltr'><strong>sumamus,</strong></span> <span class='ocrx_word' id='word_1_19' title='bbox 1335 536 1370 590; x_wconf 88' lang='lat' dir='ltr'><strong>ut</strong></span> 
     </span>
    </p>

    <p class='ocr_par' dir='ltr' id='par_1_4' title="bbox 149 622 1370 790">
     <span class='ocr_line' id='line_1_4' title="bbox 149 622 1370 712; baseline 0.005 -26"><span class='ocrx_word' id='word_1_20' title='bbox 149 622 228 708; x_wconf 87' lang='lat' dir='ltr'><strong>legit</strong></span> <span class='ocrx_word' id='word_1_21' title='bbox 242 622 452 688; x_wconf 87' lang='lat' dir='ltr'><strong>Ambrosiani</strong></span> <span class='ocrx_word' id='word_1_22' title='bbox 475 634 637 692; x_wconf 89' lang='lat' dir='ltr'><strong>corrector</strong></span> <span class='ocrx_word' id='word_1_23' title='bbox 654 625 797 690; x_wconf 91' lang='lat' dir='ltr'><strong>eiusdem</strong></span> <span class='ocrx_word' id='word_1_24' title='bbox 811 623 941 691; x_wconf 83' lang='lat' dir='ltr'><strong>fabulae</strong></span> <span class='ocrx_word' id='word_1_25' title='bbox 957 649 1010 690; x_wconf 84' lang='lat' dir='ltr'><strong>vv.</strong></span> <span class='ocrx_word' id='word_1_26' title='bbox 1026 627 1099 692; x_wconf 83' lang='lat'><strong>368.</strong></span> <span class='ocrx_word' id='word_1_27' title='bbox 1116 626 1195 704; x_wconf 86' lang='lat'>910;</span> <span class='ocrx_word' id='word_1_28' title='bbox 1211 627 1252 691; x_wconf 83' lang='lat' dir='ltr'><strong>cf.</strong></span> <span class='ocrx_word' id='word_1_29' title='bbox 1271 650 1302 712; x_wconf 90' lang='lat' dir='ltr'><strong>p.</strong></span> <span class='ocrx_word' id='word_1_30' title='bbox 1318 627 1370 692; x_wconf 93' lang='grc'><strong>63.</strong></span> 
     </span>
     <span class='ocr_line' id='line_1_5' title="bbox 196 725 341 790; baseline 0.007 -1"><span class='ocrx_word' id='word_1_31' title='bbox 196 725 278 789; x_wconf 74' lang='lat' dir='ltr'><strong>Tria</strong></span> <span class='ocrx_word' id='word_1_32' title='bbox 302 725 341 790; x_wconf 81' lang='lat'><strong>71</strong></span> 
     </span>
    </p>

    <p class='ocr_par' dir='ltr' id='par_1_5' title="bbox 233 827 1100 895">
     <span class='ocr_line' id='line_1_6' title="bbox 233 827 1100 895; baseline 0.001 -2"><span class='ocrx_word' id='word_1_33' title='bbox 233 827 283 893; x_wconf 79' lang='lat' dir='ltr'><strong>A:</strong></span> <span class='ocrx_word' id='word_1_34' title='bbox 305 827 380 893; x_wconf 91' lang='lat' dir='ltr'><strong>Nisi</strong></span> <span class='ocrx_word' id='word_1_35' title='bbox 402 840 437 894; x_wconf 91' lang='lat' dir='ltr'><strong>tu</strong></span> <span class='ocrx_word' id='word_1_36' title='bbox 459 852 511 895; x_wconf 91' lang='lat' dir='ltr'><strong>me</strong></span> <span class='ocrx_word' id='word_1_37' title='bbox 534 828 681 894; x_wconf 86' lang='lat' dir='ltr'><strong>mihimet</strong></span> <span class='ocrx_word' id='word_1_38' title='bbox 703 851 814 894; x_wconf 90' lang='lat' dir='ltr'><strong>censes</strong></span> <span class='ocrx_word' id='word_1_39' title='bbox 834 828 995 894; x_wconf 90' lang='lat' dir='ltr'><strong>dicturum</strong></span> <span class='ocrx_word' id='word_1_40' title='bbox 1017 829 1100 894; x_wconf 92' lang='lat' dir='ltr'><strong>male</strong></span> 
     </span>
    </p>

    <p class='ocr_par' dir='ltr' id='par_1_6' title="bbox 151 927 1063 1118">
     <span class='ocr_line' id='line_1_7' title="bbox 232 927 1063 997; baseline 0.004 -3"><span class='ocrx_word' id='word_1_41' title='bbox 232 929 275 994; x_wconf 92' lang='lat' dir='ltr'><strong>P:</strong></span> <span class='ocrx_word' id='word_1_42' title='bbox 299 927 372 993; x_wconf 87' lang='lat' dir='ltr'><strong>Nisi</strong></span> <span class='ocrx_word' id='word_1_43' title='bbox 395 940 462 995; x_wconf 90' lang='lat' dir='ltr'><strong>tute</strong></span> <span class='ocrx_word' id='word_1_44' title='bbox 485 931 563 994; x_wconf 91' lang='lat' dir='ltr'><strong>mihi</strong></span> <span class='ocrx_word' id='word_1_45' title='bbox 587 954 638 997; x_wconf 92' lang='lat' dir='ltr'><strong>me</strong></span> <span class='ocrx_word' id='word_1_46' title='bbox 660 953 770 996; x_wconf 80' lang='lat' dir='ltr'><strong>censes</strong></span> <span class='ocrx_word' id='word_1_47' title='bbox 795 930 957 996; x_wconf 88' lang='lat' dir='ltr'><strong>dicturum</strong></span> <span class='ocrx_word' id='word_1_48' title='bbox 980 931 1063 997; x_wconf 88' lang='lat' dir='ltr'><strong>male</strong></span> 
     </span>
     <span class='ocr_line' id='line_1_8' title="bbox 151 1030 561 1118; baseline 0.002 -21"><span class='ocrx_word' id='word_1_49' title='bbox 151 1033 191 1097; x_wconf 83' lang='lat' dir='ltr'><strong>ci.</strong></span> <span class='ocrx_word' id='word_1_50' title='bbox 214 1030 431 1117; x_wconf 88' lang='lat' dir='ltr'><strong>Niemeyerus</strong></span> <span class='ocrx_word' id='word_1_51' title='bbox 453 1054 484 1118; x_wconf 91' lang='lat' dir='ltr'><strong>p.</strong></span> <span class='ocrx_word' id='word_1_52' title='bbox 510 1033 561 1098; x_wconf 85' lang='lat'><strong>33.</strong></span> 
     </span>
    </p>

    <p class='ocr_par' dir='ltr' id='par_1_7' title="bbox 192 1132 368 1200">
     <span class='ocr_line' id='line_1_9' title="bbox 192 1132 368 1200; baseline 0.006 -1"><span class='ocrx_word' id='word_1_53' title='bbox 192 1133 286 1199; x_wconf 73' lang='lat' dir='ltr'><strong>Stet</strong></span> <span class='ocrx_word' id='word_1_54' title='bbox 309 1132 368 1200; x_wconf 87' lang='lat'><strong>331</strong></span> 
     </span>
    </p>

    <p class='ocr_par' dir='ltr' id='par_1_8' title="bbox 235 1224 1386 1325">
     <span class='ocr_line' id='line_1_10' title="bbox 235 1224 1386 1325; baseline 0.001 -25"><span class='ocrx_word' id='word_1_55' title='bbox 235 1237 280 1300; x_wconf 91' lang='lat' dir='ltr'><strong>A:</strong></span> <span class='ocrx_word' id='word_1_56' title='bbox 303 1235 446 1322; x_wconf 83' lang='lat' dir='ltr'><strong>Respice</strong></span> <span class='ocrx_word' id='word_1_57' title='bbox 462 1237 504 1300; x_wconf 89' lang='lat' dir='ltr'><strong>ad</strong></span> <span class='ocrx_word' id='word_1_58' title='bbox 520 1260 571 1303; x_wconf 92' lang='lat' dir='ltr'><strong>me</strong></span> <span class='ocrx_word' id='word_1_59' title='bbox 589 1250 620 1302; x_wconf 90' lang='lat' dir='ltr'><strong>et</strong></span> <span class='ocrx_word' id='word_1_60' title='bbox 642 1238 786 1321; x_wconf 90' lang='lat' dir='ltr'><strong>relinque</strong></span> <span class='ocrx_word' id='word_1_61' title='bbox 810 1224 957 1325; x_wconf 81' lang='lat' dir='ltr'><strong>egentem</strong></span> <span class='ocrx_word' id='word_1_62' title='bbox 980 1239 1167 1325; x_wconf 81' lang='lat' dir='ltr'><strong>parasitum,</strong></span> <span class='ocrx_word' id='word_1_63' title='bbox 1189 1236 1386 1323; x_wconf 75' lang='lat' dir='ltr'><strong>Panegyris</strong></span> 
     </span>
    </p>

    <p class='ocr_par' dir='ltr' id='par_1_9' title="bbox 147 1338 1411 1938">
     <span class='ocr_line' id='line_1_11' title="bbox 238 1338 1066 1427; baseline 0.004 -24"><span class='ocrx_word' id='word_1_64' title='bbox 238 1339 284 1403; x_wconf 87' lang='lat' dir='ltr'><strong>P:</strong></span> <span class='ocrx_word' id='word_1_65' title='bbox 308 1338 449 1424; x_wconf 86' lang='lat' dir='ltr'><strong>Respice</strong></span> <span class='ocrx_word' id='word_1_66' title='bbox 471 1361 522 1404; x_wconf 92' lang='lat' dir='ltr'><strong>me</strong></span> <span class='ocrx_word' id='word_1_67' title='bbox 546 1351 576 1404; x_wconf 90' lang='lat' dir='ltr'><strong>et</strong></span> <span class='ocrx_word' id='word_1_68' title='bbox 598 1341 741 1425; x_wconf 90' lang='lat' dir='ltr'><strong>relinque</strong></span> <span class='ocrx_word' id='word_1_69' title='bbox 764 1352 911 1427; x_wconf 85' lang='lat' dir='ltr'><strong>egentem</strong></span> <span class='ocrx_word' id='word_1_70' title='bbox 934 1362 962 1406; x_wconf 92' lang='lat' dir='ltr'><strong>e.</strong></span> <span class='ocrx_word' id='word_1_71' title='bbox 986 1363 1017 1426; x_wconf 91' lang='lat' dir='ltr'><strong>q.</strong></span> <span class='ocrx_word' id='word_1_72' title='bbox 1041 1364 1066 1407; x_wconf 89' lang='lat' dir='ltr'><strong>s.</strong></span> 
     </span>
     <span class='ocr_line' id='line_1_12' title="bbox 148 1440 1370 1530; baseline 0.001 -25"><span class='ocrx_word' id='word_1_73' title='bbox 148 1440 225 1505; x_wconf 92' lang='lat' dir='ltr'><strong>inP</strong></span> <span class='ocrx_word' id='word_1_74' title='bbox 244 1442 474 1506; x_wconf 86' lang='lat' dir='ltr'><strong>correctionem</strong></span> <span class='ocrx_word' id='word_1_75' title='bbox 489 1443 656 1508; x_wconf 89' lang='lat' dir='ltr'><strong>metricam</strong></span> <span class='ocrx_word' id='word_1_76' title='bbox 679 1455 798 1509; x_wconf 91' lang='lat' dir='ltr'><strong>statuo:</strong></span> <span class='ocrx_word' id='word_1_77' title='bbox 821 1443 954 1509; x_wconf 86' lang='lat' dir='ltr'><strong>offendit</strong></span> <span class='ocrx_word' id='word_1_78' title='bbox 976 1444 1061 1508; x_wconf 91' lang='lat' dir='ltr'><strong>enim</strong></span> <span class='ocrx_word' id='word_1_79' title='bbox 1083 1442 1313 1530; x_wconf 89' lang='lat' dir='ltr'><strong>grammaticus</strong></span> <span class='ocrx_word' id='word_1_80' title='bbox 1335 1441 1370 1506; x_wconf 92' lang='lat' dir='ltr'><strong>in</strong></span> 
     </span>
     <span class='ocr_line' id='line_1_13' title="bbox 147 1543 1369 1633; baseline 0.002 -27"><span class='ocrx_word' id='word_1_81' title='bbox 147 1543 283 1628; x_wconf 79' lang='lat' dir='ltr'><strong>‚respice</strong></span> <span class='ocrx_word' id='word_1_82' title='bbox 310 1544 352 1608; x_wconf 89' lang='lat' dir='ltr'><strong>ad</strong></span> <span class='ocrx_word' id='word_1_83' title='bbox 380 1566 431 1608; x_wconf 91' lang='lat' dir='ltr'><strong>me</strong></span> <span class='ocrx_word' id='word_1_84' title='bbox 461 1544 493 1608; x_wconf 79' lang='lat' dir='ltr'><strong>e&#39;t</strong></span> <span class='ocrx_word' id='word_1_85' title='bbox 517 1545 687 1629; x_wconf 85' lang='lat' dir='ltr'><strong>relinque‘,</strong></span> <span class='ocrx_word' id='word_1_86' title='bbox 719 1546 806 1630; x_wconf 89' lang='lat' dir='ltr'><strong>quod</strong></span> <span class='ocrx_word' id='word_1_87' title='bbox 833 1569 873 1612; x_wconf 91' lang='lat' dir='ltr'><strong>ne</strong></span> <span class='ocrx_word' id='word_1_88' title='bbox 897 1546 1089 1611; x_wconf 88' lang='lat' dir='ltr'><strong>novissimus</strong></span> <span class='ocrx_word' id='word_1_89' title='bbox 1113 1545 1243 1633; x_wconf 92' lang='lat' dir='ltr'><strong>quidem</strong></span> <span class='ocrx_word' id='word_1_90' title='bbox 1266 1544 1369 1609; x_wconf 89' lang='lat' dir='ltr'><strong>editor</strong></span> 
     </span>
     <span class='ocr_line' id='line_1_14' title="bbox 147 1645 1411 1732; baseline 0 -22"><span class='ocrx_word' id='word_1_91' title='bbox 147 1645 285 1731; x_wconf 88' lang='lat' dir='ltr'><strong>probare</strong></span> <span class='ocrx_word' id='word_1_92' title='bbox 314 1647 434 1713; x_wconf 86' lang='lat' dir='ltr'><strong>debuit.</strong></span> <span class='ocrx_word' id='word_1_93' title='bbox 464 1647 498 1710; x_wconf 92' lang='lat' dir='ltr'><strong>ni</strong></span> <span class='ocrx_word' id='word_1_94' title='bbox 526 1648 633 1725; x_wconf 86' lang='lat' dir='ltr'><strong>fallor,</strong></span> <span class='ocrx_word' id='word_1_95' title='bbox 664 1650 697 1712; x_wconf 92' lang='lat' dir='ltr'><strong>in</strong></span> <span class='ocrx_word' id='word_1_96' title='bbox 718 1649 886 1732; x_wconf 90' lang='lat' dir='ltr'><strong>utriusque</strong></span> <span class='ocrx_word' id='word_1_97' title='bbox 913 1648 1106 1714; x_wconf 89' lang='lat' dir='ltr'><strong>recensionis</strong></span> <span class='ocrx_word' id='word_1_98' title='bbox 1130 1647 1306 1732; x_wconf 89' lang='lat' dir='ltr'><strong>archetypo</strong></span> <span class='ocrx_word' id='word_1_99' title='bbox 1328 1668 1369 1711; x_wconf 88' lang='lat' dir='ltr'><strong>ex</strong></span> <span class='ocrx_word' id='word_1_100' title='bbox 1407 1674 1411 1683; x_wconf 92' lang='lat'><em>·</em></span> 
     </span>
     <span class='ocr_line' id='line_1_15' title="bbox 147 1749 1368 1837; baseline 0.002 -26"><span class='ocrx_word' id='word_1_101' title='bbox 147 1750 359 1826; x_wconf 84' lang='lat' dir='ltr'><strong>correctione,</strong></span> <span class='ocrx_word' id='word_1_102' title='bbox 390 1749 519 1833; x_wconf 91' lang='lat' dir='ltr'><strong>qualem</strong></span> <span class='ocrx_word' id='word_1_103' title='bbox 548 1749 806 1837; x_wconf 81' lang='lat' dir='ltr'><strong>frequentissime</strong></span> <span class='ocrx_word' id='word_1_104' title='bbox 834 1750 971 1814; x_wconf 90' lang='lat' dir='ltr'><strong>inveniri</strong></span> <span class='ocrx_word' id='word_1_105' title='bbox 998 1750 1083 1814; x_wconf 88' lang='lat' dir='ltr'><strong>infra</strong></span> <span class='ocrx_word' id='word_1_106' title='bbox 1106 1749 1301 1827; x_wconf 86' lang='lat' dir='ltr'><strong>videbimus,</strong></span> <span class='ocrx_word' id='word_1_107' title='bbox 1324 1771 1368 1813; x_wconf 82' lang='lat' dir='ltr'><strong>re-</strong></span> 
     </span>
     <span class='ocr_line' id='line_1_16' title="bbox 148 1851 724 1938; baseline 0.005 -24"><span class='ocrx_word' id='word_1_108' title='bbox 148 1851 249 1938; x_wconf 81' lang='lat' dir='ltr'><strong>linque</strong></span> <span class='ocrx_word' id='word_1_109' title='bbox 271 1851 426 1937; x_wconf 90' lang='lat' dir='ltr'><strong>scriptum</strong></span> <span class='ocrx_word' id='word_1_110' title='bbox 447 1851 508 1915; x_wconf 85' lang='lat' dir='ltr'><strong>fuit</strong></span> <span class='ocrx_word' id='word_1_111' title='bbox 530 1873 588 1937; x_wconf 89' lang='lat' dir='ltr'><strong>pro</strong></span> <span class='ocrx_word' id='word_1_112' title='bbox 611 1853 724 1938; x_wconf 81' lang='lat' dir='ltr'><strong>linque:</strong></span> 
     </span>
    </p>

    <p class='ocr_par' dir='ltr' id='par_1_10' title="bbox 146 1951 1368 2449">
     <span class='ocr_line' id='line_1_17' title="bbox 231 1951 1368 2042; baseline 0 -25"><span class='ocrx_word' id='word_1_113' title='bbox 231 1951 372 2039; x_wconf 89' lang='lat' dir='ltr'><strong>Respice</strong></span> <span class='ocrx_word' id='word_1_114' title='bbox 400 1953 441 2017; x_wconf 92' lang='lat' dir='ltr'><strong>ad</strong></span> <span class='ocrx_word' id='word_1_115' title='bbox 476 1976 528 2018; x_wconf 93' lang='lat' dir='ltr'><strong>me</strong></span> <span class='ocrx_word' id='word_1_116' title='bbox 562 1965 593 2017; x_wconf 91' lang='lat' dir='ltr'><strong>et</strong></span> <span class='ocrx_word' id='word_1_117' title='bbox 625 1954 736 2042; x_wconf 89' lang='lat' dir='ltr'><strong>linque</strong></span> <span class='ocrx_word' id='word_1_118' title='bbox 770 1965 918 2040; x_wconf 85' lang='lat' dir='ltr'><strong>egentem</strong></span> <span class='ocrx_word' id='word_1_119' title='bbox 950 1954 1144 2039; x_wconf 81' lang='lat' dir='ltr'><strong>parasitum,</strong></span> <span class='ocrx_word' id='word_1_120' title='bbox 1178 1953 1368 2040; x_wconf 84' lang='lat' dir='ltr'><strong>Panegyris.</strong></span> 
     </span>
     <span class='ocr_line' id='line_1_18' title="bbox 147 2055 1367 2142; baseline -0.001 -22"><span class='ocrx_word' id='word_1_121' title='bbox 147 2057 188 2120; x_wconf 87' lang='lat' dir='ltr'><strong>cf.</strong></span> <span class='ocrx_word' id='word_1_122' title='bbox 212 2056 324 2120; x_wconf 78' lang='lat' dir='ltr'><strong>Pseud.</strong></span> <span class='ocrx_word' id='word_1_123' title='bbox 351 2056 411 2122; x_wconf 84' lang='lat'><strong>140</strong></span> <span class='ocrx_word' id='word_1_124' title='bbox 433 2078 480 2139; x_wconf 93' lang='lat' dir='ltr'><strong>sq.</strong></span> <span class='ocrx_word' id='word_1_125' title='bbox 512 2068 558 2133; x_wconf 91' lang='lat' dir='ltr'><strong>‚ut</strong></span> <span class='ocrx_word' id='word_1_126' title='bbox 585 2056 719 2121; x_wconf 90' lang='lat' dir='ltr'><strong>mavelis</strong></span> <span class='ocrx_word' id='word_1_127' title='bbox 742 2057 835 2142; x_wconf 90' lang='lat' dir='ltr'><strong>lupos</strong></span> <span class='ocrx_word' id='word_1_128' title='bbox 857 2056 944 2142; x_wconf 92' lang='lat' dir='ltr'><strong>apud</strong></span> <span class='ocrx_word' id='word_1_129' title='bbox 967 2056 1054 2121; x_wconf 91' lang='lat' dir='ltr'><strong>oveis</strong></span> <span class='ocrx_word' id='word_1_130' title='bbox 1077 2056 1236 2141; x_wconf 89' lang='lat' dir='ltr'><strong>linquere,</strong></span> <span class='ocrx_word' id='word_1_131' title='bbox 1260 2055 1367 2140; x_wconf 77' lang='lat' dir='ltr'><strong>Quam</strong></span> 
     </span>
     <span class='ocr_line' id='line_1_19' title="bbox 147 2157 1366 2244; baseline 0.002 -24"><span class='ocrx_word' id='word_1_132' title='bbox 147 2157 205 2221; x_wconf 91' lang='lat' dir='ltr'><strong>hos</strong></span> <span class='ocrx_word' id='word_1_133' title='bbox 229 2158 315 2222; x_wconf 88' lang='lat' dir='ltr'><strong>dorni</strong></span> <span class='ocrx_word' id='word_1_134' title='bbox 339 2159 509 2223; x_wconf 87' lang='lat' dir='ltr'><strong>custodes‘.</strong></span> <span class='ocrx_word' id='word_1_135' title='bbox 554 2161 641 2222; x_wconf 82' lang='lat' dir='ltr'><strong>Asin.</strong></span> <span class='ocrx_word' id='word_1_136' title='bbox 666 2160 729 2224; x_wconf 82' lang='lat'><strong>280</strong></span> <span class='ocrx_word' id='word_1_137' title='bbox 758 2182 839 2234; x_wconf 90' lang='lat' dir='ltr'><strong>‚eros</strong></span> <span class='ocrx_word' id='word_1_138' title='bbox 861 2159 894 2222; x_wconf 91' lang='lat' dir='ltr'><strong>in</strong></span> <span class='ocrx_word' id='word_1_139' title='bbox 917 2158 1082 2223; x_wconf 87' lang='lat' dir='ltr'><strong>obsidione</strong></span> <span class='ocrx_word' id='word_1_140' title='bbox 1104 2159 1249 2244; x_wconf 84' lang='lat' dir='ltr'><strong>linquet‘.</strong></span> <span class='ocrx_word' id='word_1_141' title='bbox 1296 2158 1366 2224; x_wconf 83' lang='lat' dir='ltr'><strong>Cist.</strong></span> 
     </span>
     <span class='ocr_line' id='line_1_20' title="bbox 148 2259 1367 2347; baseline 0.001 -23"><span class='ocrx_word' id='word_1_142' title='bbox 148 2259 206 2324; x_wconf 87' lang='grc' dir='ltr'><strong>ΠΙ</strong></span> <span class='ocrx_word' id='word_1_143' title='bbox 230 2261 270 2324; x_wconf 75' lang='lat'><strong>12</strong></span> <span class='ocrx_word' id='word_1_144' title='bbox 292 2260 411 2341; x_wconf 91' lang='lat' dir='ltr'><strong>,lumen</strong></span> <span class='ocrx_word' id='word_1_145' title='bbox 434 2259 556 2345; x_wconf 85' lang='lat' dir='ltr'><strong>linque‘</strong></span> <span class='ocrx_word' id='word_1_146' title='bbox 579 2263 635 2347; x_wconf 89' lang='lat'><strong>(=</strong></span> <span class='ocrx_word' id='word_1_147' title='bbox 656 2261 804 2346; x_wconf 88' lang='lat' dir='ltr'><strong>morere).</strong></span> <span class='ocrx_word' id='word_1_148' title='bbox 828 2271 924 2343; x_wconf 87' lang='lat' dir='ltr'><strong>atque</strong></span> <span class='ocrx_word' id='word_1_149' title='bbox 948 2261 1023 2325; x_wconf 92' lang='lat' dir='ltr'><strong>huic</strong></span> <span class='ocrx_word' id='word_1_150' title='bbox 1045 2261 1248 2325; x_wconf 91' lang='lat' dir='ltr'><strong>coniecturae</strong></span> <span class='ocrx_word' id='word_1_151' title='bbox 1270 2261 1367 2325; x_wconf 91' lang='lat' dir='ltr'><strong>fidem</strong></span> 
     </span>
     <span class='ocr_line' id='line_1_21' title="bbox 146 2361 1010 2449; baseline 0.001 -24"><span class='ocrx_word' id='word_1_152' title='bbox 146 2362 233 2442; x_wconf 87' lang='lat' dir='ltr'><strong>fucit,</strong></span> <span class='ocrx_word' id='word_1_153' title='bbox 258 2361 345 2448; x_wconf 90' lang='lat' dir='ltr'><strong>quod</strong></span> <span class='ocrx_word' id='word_1_154' title='bbox 369 2361 415 2424; x_wconf 88' lang='lat' dir='ltr'><strong>sie</strong></span> <span class='ocrx_word' id='word_1_155' title='bbox 438 2362 519 2427; x_wconf 91' lang='lat' dir='ltr'><strong>alter</strong></span> <span class='ocrx_word' id='word_1_156' title='bbox 543 2383 672 2449; x_wconf 87' lang='lat' dir='ltr'><strong>quoque</strong></span> <span class='ocrx_word' id='word_1_157' title='bbox 696 2362 785 2426; x_wconf 92' lang='lat' dir='ltr'><strong>locus</strong></span> <span class='ocrx_word' id='word_1_158' title='bbox 808 2373 1010 2446; x_wconf 88' lang='lat' dir='ltr'><strong>persanatur.</strong></span> 
     </span>
    </p>

    <p class='ocr_par' dir='ltr' id='par_1_11' title="bbox 192 2463 416 2545">
     <span class='ocr_line' id='line_1_22' title="bbox 192 2463 416 2545; baseline -0.013 -15"><span class='ocrx_word' id='word_1_159' title='bbox 192 2464 258 2530; x_wconf 80' lang='lat' dir='ltr'><strong>Cas.</strong></span> <span class='ocrx_word' id='word_1_160' title='bbox 282 2464 320 2529; x_wconf 93' lang='grc' dir='ltr'><strong>Π</strong></span> <span class='ocrx_word' id='word_1_161' title='bbox 342 2463 416 2545; x_wconf 87' lang='grc'><strong>3,33</strong></span> 
     </span>
    </p>

    <p class='ocr_par' dir='ltr' id='par_1_12' title="bbox 146 2564 1366 3140">
     <span class='ocr_line' id='line_1_23' title="bbox 231 2564 1366 2652; baseline 0.001 -22"><span class='ocrx_word' id='word_1_162' title='bbox 231 2564 392 2652; x_wconf 89' lang='lat' dir='ltr'><strong>Relinque</strong></span> <span class='ocrx_word' id='word_1_163' title='bbox 427 2565 630 2652; x_wconf 90' lang='lat' dir='ltr'><strong>aliquantum</strong></span> <span class='ocrx_word' id='word_1_164' title='bbox 663 2566 832 2643; x_wconf 88' lang='lat' dir='ltr'><strong>orationis,</strong></span> <span class='ocrx_word' id='word_1_165' title='bbox 866 2588 937 2631; x_wconf 90' lang='lat' dir='ltr'><strong>oras</strong></span> <span class='ocrx_word' id='word_1_166' title='bbox 971 2567 1056 2652; x_wconf 89' lang='lat' dir='ltr'><strong>quod</strong></span> <span class='ocrx_word' id='word_1_167' title='bbox 1091 2588 1217 2632; x_wconf 92' lang='lat' dir='ltr'><strong>mecum</strong></span> <span class='ocrx_word' id='word_1_168' title='bbox 1249 2565 1366 2651; x_wconf 88' lang='lat' dir='ltr'><strong>litiges.</strong></span> 
     </span>
     <span class='ocr_line' id='line_1_24' title="bbox 147 2667 1365 2756; baseline 0.002 -25"><span class='ocrx_word' id='word_1_169' title='bbox 147 2687 244 2750; x_wconf 89' lang='lat' dir='ltr'><strong>quem</strong></span> <span class='ocrx_word' id='word_1_170' title='bbox 272 2688 345 2731; x_wconf 93' lang='lat' dir='ltr'><strong>cum</strong></span> <span class='ocrx_word' id='word_1_171' title='bbox 383 2667 575 2733; x_wconf 89' lang='lat' dir='ltr'><strong>antecedant</strong></span> <span class='ocrx_word' id='word_1_172' title='bbox 598 2667 770 2748; x_wconf 89' lang='lat' dir='ltr'><strong>octonarii,</strong></span> <span class='ocrx_word' id='word_1_173' title='bbox 805 2681 979 2755; x_wconf 91' lang='lat' dir='ltr'><strong>sequantur</strong></span> <span class='ocrx_word' id='word_1_174' title='bbox 1001 2668 1173 2756; x_wconf 90' lang='lat' dir='ltr'><strong>septenarii</strong></span> <span class='ocrx_word' id='word_1_175' title='bbox 1201 2668 1365 2746; x_wconf 89' lang='lat' dir='ltr'><strong>trochaici,</strong></span> 
     </span>
     <span class='ocr_line' id='line_1_25' title="bbox 146 2768 1365 2858; baseline 0.001 -25"><span class='ocrx_word' id='word_1_176' title='bbox 146 2768 234 2833; x_wconf 91' lang='lat' dir='ltr'><strong>hunc</strong></span> <span class='ocrx_word' id='word_1_177' title='bbox 249 2769 353 2834; x_wconf 92' lang='lat' dir='ltr'><strong>solum</strong></span> <span class='ocrx_word' id='word_1_178' title='bbox 376 2792 504 2835; x_wconf 91' lang='lat' dir='ltr'><strong>versum</strong></span> <span class='ocrx_word' id='word_1_179' title='bbox 527 2792 585 2855; x_wconf 92' lang='lat' dir='ltr'><strong>per</strong></span> <span class='ocrx_word' id='word_1_180' title='bbox 608 2770 731 2834; x_wconf 89' lang='lat' dir='ltr'><strong>iambos</strong></span> <span class='ocrx_word' id='word_1_181' title='bbox 755 2771 921 2856; x_wconf 85' lang='lat' dir='ltr'><strong>scripsisse</strong></span> <span class='ocrx_word' id='word_1_182' title='bbox 945 2787 1072 2858; x_wconf 88' lang='lat' dir='ltr'><strong>poetam</strong></span> <span class='ocrx_word' id='word_1_183' title='bbox 1094 2794 1114 2834; x_wconf 88' lang='lat' dir='ltr'><strong>a</strong></span> <span class='ocrx_word' id='word_1_184' title='bbox 1136 2770 1365 2857; x_wconf 89' lang='lat' dir='ltr'><strong>probabilitate</strong></span> 
     </span>
     <span class='ocr_line' id='line_1_26' title="bbox 147 2869 1366 2959; baseline 0.002 -25"><span class='ocrx_word' id='word_1_185' title='bbox 147 2869 311 2955; x_wconf 83' lang='lat' dir='ltr'><strong>abhorret3</strong></span> <span class='ocrx_word' id='word_1_186' title='bbox 336 2894 394 2936; x_wconf 92' lang='lat' dir='ltr'><strong>nec</strong></span> <span class='ocrx_word' id='word_1_187' title='bbox 410 2883 516 2956; x_wconf 90' lang='lat' dir='ltr'><strong>potest</strong></span> <span class='ocrx_word' id='word_1_188' title='bbox 533 2874 715 2937; x_wconf 89' lang='lat' dir='ltr'><strong>trochaicus</strong></span> <span class='ocrx_word' id='word_1_189' title='bbox 737 2872 804 2959; x_wconf 88' lang='lat' dir='ltr'><strong>legi</strong></span> <span class='ocrx_word' id='word_1_190' title='bbox 826 2883 973 2957; x_wconf 87' lang='lat' dir='ltr'><strong>correpta</strong></span> <span class='ocrx_word' id='word_1_191' title='bbox 996 2875 1088 2938; x_wconf 89' lang='lat' dir='ltr'><strong>verbi</strong></span> <span class='ocrx_word' id='word_1_192' title='bbox 1109 2874 1243 2959; x_wconf 70' lang='lat' dir='ltr'><strong>retiaque</strong></span> <span class='ocrx_word' id='word_1_193' title='bbox 1265 2873 1366 2937; x_wconf 88' lang='lat' dir='ltr'><strong>altera</strong></span> 
     </span>
     <span class='ocr_line' id='line_1_27' title="bbox 147 2972 1366 3063; baseline 0.002 -27"><span class='ocrx_word' id='word_1_194' title='bbox 147 2972 287 3058; x_wconf 86' lang='lat' dir='ltr'><strong>syllaba,</strong></span> <span class='ocrx_word' id='word_1_195' title='bbox 312 2975 350 3038; x_wconf 89' lang='lat' dir='ltr'><strong>do</strong></span> <span class='ocrx_word' id='word_1_196' title='bbox 375 2996 439 3061; x_wconf 91' lang='lat' dir='ltr'><strong>quo</strong></span> <span class='ocrx_word' id='word_1_197' title='bbox 464 2977 503 3038; x_wconf 82' lang='lat' dir='ltr'><strong>cf.</strong></span> <span class='ocrx_word' id='word_1_198' title='bbox 526 2975 701 3040; x_wconf 90' lang='lat' dir='ltr'><strong>Muellerus</strong></span> <span class='ocrx_word' id='word_1_199' title='bbox 723 2975 809 3038; x_wconf 84' lang='lat' dir='ltr'><strong>Proa</strong></span> <span class='ocrx_word' id='word_1_200' title='bbox 832 2976 936 3038; x_wconf 73' lang='lat' dir='ltr'><strong>Pau.</strong></span> <span class='ocrx_word' id='word_1_201' title='bbox 960 3000 991 3063; x_wconf 94' lang='lat' dir='ltr'><strong>p.</strong></span> <span class='ocrx_word' id='word_1_202' title='bbox 1015 2977 1076 3040; x_wconf 74' lang='lat'><strong>251</strong></span> <span class='ocrx_word' id='word_1_203' title='bbox 1099 2998 1147 3059; x_wconf 89' lang='lat' dir='ltr'><strong>sq.</strong></span> <span class='ocrx_word' id='word_1_204' title='bbox 1170 2976 1280 3059; x_wconf 91' lang='lat' dir='ltr'><strong>itaque</strong></span> <span class='ocrx_word' id='word_1_205' title='bbox 1303 2997 1366 3039; x_wconf 92' lang='lat' dir='ltr'><strong>me·</strong></span> 
     </span>
     <span class='ocr_line' id='line_1_28' title="bbox 147 3076 378 3140; baseline 0.004 -1"><span class='ocrx_word' id='word_1_206' title='bbox 147 3095 220 3139; x_wconf 90' lang='lat' dir='ltr'><strong>cum</strong></span> <span class='ocrx_word' id='word_1_207' title='bbox 243 3076 378 3140; x_wconf 87' lang='lat' dir='ltr'><strong>scribas:</strong></span> 
     </span>
    </p>

    <p class='ocr_par' dir='ltr' id='par_1_13' title="bbox 147 3179 1365 3360">
     <span class='ocr_line' id='line_1_29' title="bbox 231 3179 1264 3267; baseline 0.001 -23"><span class='ocrx_word' id='word_1_208' title='bbox 231 3179 359 3264; x_wconf 85' lang='lat' dir='ltr'><strong>Linque</strong></span> <span class='ocrx_word' id='word_1_209' title='bbox 382 3180 582 3264; x_wconf 89' lang='lat' dir='ltr'><strong>aliquantum</strong></span> <span class='ocrx_word' id='word_1_210' title='bbox 605 3179 773 3257; x_wconf 89' lang='lat' dir='ltr'><strong>orationis,</strong></span> <span class='ocrx_word' id='word_1_211' title='bbox 797 3200 868 3242; x_wconf 89' lang='lat' dir='ltr'><strong>cras</strong></span> <span class='ocrx_word' id='word_1_212' title='bbox 891 3180 978 3263; x_wconf 90' lang='lat' dir='ltr'><strong>quod</strong></span> <span class='ocrx_word' id='word_1_213' title='bbox 1001 3203 1126 3245; x_wconf 92' lang='lat' dir='ltr'><strong>mecum</strong></span> <span class='ocrx_word' id='word_1_214' title='bbox 1148 3180 1264 3267; x_wconf 91' lang='lat' dir='ltr'><strong>litiges.</strong></span> 
     </span>
     <span class='ocr_line' id='line_1_30' title="bbox 147 3281 1365 3360; baseline -0.002 -11"><span class='ocrx_word' id='word_1_215' title='bbox 147 3283 292 3349; x_wconf 89' lang='lat' dir='ltr'><strong>Tertium</strong></span> <span class='ocrx_word' id='word_1_216' title='bbox 319 3282 417 3347; x_wconf 87' lang='lat' dir='ltr'><strong>affero</strong></span> <span class='ocrx_word' id='word_1_217' title='bbox 440 3284 552 3350; x_wconf 80' lang='lat' dir='ltr'><strong>Bacch.</strong></span> <span class='ocrx_word' id='word_1_218' title='bbox 576 3283 655 3360; x_wconf 84' lang='lat'><strong>496,</strong></span> <span class='ocrx_word' id='word_1_219' title='bbox 684 3281 942 3346; x_wconf 88' lang='lat' dir='ltr'><strong>intricatissimae</strong></span> <span class='ocrx_word' id='word_1_220' title='bbox 973 3283 1172 3348; x_wconf 90' lang='lat' dir='ltr'><strong>condicionis</strong></span> <span class='ocrx_word' id='word_1_221' title='bbox 1202 3284 1310 3348; x_wconf 89' lang='lat' dir='ltr'><strong>locum</strong></span> <span class='ocrx_word' id='word_1_222' title='bbox 1331 3284 1365 3347; x_wconf 95' lang='lat' dir='ltr'><strong>in</strong></span> 
     </span>
    </p>

    <p class='ocr_par' dir='ltr' id='par_1_14' title="bbox 99 3384 1365 3574">
     <span class='ocr_line' id='line_1_31' title="bbox 146 3384 851 3472; baseline -0.001 -23"><span class='ocrx_word' id='word_1_223' title='bbox 146 3397 282 3469; x_wconf 85' lang='lat' dir='ltr'><strong>utruque</strong></span> <span class='ocrx_word' id='word_1_224' title='bbox 304 3385 490 3449; x_wconf 89' lang='lat' dir='ltr'><strong>recensione</strong></span> <span class='ocrx_word' id='word_1_225' title='bbox 514 3384 626 3448; x_wconf 90' lang='lat' dir='ltr'><strong>turbas</strong></span> <span class='ocrx_word' id='word_1_226' title='bbox 651 3407 851 3472; x_wconf 90' lang='lat' dir='ltr'><strong>perpessum.</strong></span> 
     </span>
     <span class='ocr_line' id='line_1_32' title="bbox 99 3475 1365 3574; baseline 0.002 -24"><span class='ocrx_word' id='word_1_227' title='bbox 99 3475 102 3480; x_wconf 41' lang='lat'>⁵</span> <span class='ocrx_word' id='word_1_228' title='bbox 231 3488 277 3551; x_wconf 91' lang='lat' dir='ltr'><strong>A:</strong></span> <span class='ocrx_word' id='word_1_229' title='bbox 306 3487 424 3552; x_wconf 90' lang='lat' dir='ltr'><strong>Melius</strong></span> <span class='ocrx_word' id='word_1_230' title='bbox 448 3487 547 3552; x_wconf 91' lang='lat' dir='ltr'><strong>multo</strong></span> <span class='ocrx_word' id='word_1_231' title='bbox 569 3509 619 3551; x_wconf 90' lang='lat' dir='ltr'><strong>me</strong></span> <span class='ocrx_word' id='word_1_232' title='bbox 643 3510 771 3574; x_wconf 91' lang='lat' dir='ltr'><strong>quoque</strong></span> <span class='ocrx_word' id='word_1_233' title='bbox 797 3510 862 3551; x_wconf 90' lang='lat' dir='ltr'><strong>una</strong></span> <span class='ocrx_word' id='word_1_234' title='bbox 884 3488 912 3550; x_wconf 93' lang='lat' dir='ltr'><strong>si</strong></span> <span class='ocrx_word' id='word_1_235' title='bbox 941 3509 1014 3551; x_wconf 90' lang='lat' dir='ltr'><strong>cum</strong></span> <span class='ocrx_word' id='word_1_236' title='bbox 1042 3486 1140 3573; x_wconf 78' lang='lat' dir='ltr'><strong>h001)</strong></span> <span class='ocrx_word' id='word_1_237' title='bbox 1168 3487 1365 3570; x_wconf 89' lang='lat' dir='ltr'><strong>relinqueres</strong></span> 
     </span>
    </p>

    <p class='ocr_par' dir='ltr' id='par_1_15' title="bbox 146 3587 1365 3984">
     <span class='ocr_line' id='line_1_33' title="bbox 229 3587 1289 3676; baseline 0.002 -22"><span class='ocrx_word' id='word_1_238' title='bbox 229 3589 274 3654; x_wconf 90' lang='lat' dir='ltr'><strong>P:</strong></span> <span class='ocrx_word' id='word_1_239' title='bbox 297 3589 415 3655; x_wconf 88' lang='lat' dir='ltr'><strong>Melius</strong></span> <span class='ocrx_word' id='word_1_240' title='bbox 439 3599 522 3655; x_wconf 90' lang='lat' dir='ltr'><strong>esset</strong></span> <span class='ocrx_word' id='word_1_241' title='bbox 545 3612 595 3653; x_wconf 93' lang='lat' dir='ltr'><strong>me</strong></span> <span class='ocrx_word' id='word_1_242' title='bbox 618 3612 746 3676; x_wconf 92' lang='lat' dir='ltr'><strong>quoque</strong></span> <span class='ocrx_word' id='word_1_243' title='bbox 771 3613 833 3654; x_wconf 86' lang='lat' dir='ltr'><strong>una</strong></span> <span class='ocrx_word' id='word_1_244' title='bbox 857 3590 884 3653; x_wconf 93' lang='lat' dir='ltr'><strong>si</strong></span> <span class='ocrx_word' id='word_1_245' title='bbox 907 3611 981 3653; x_wconf 90' lang='lat' dir='ltr'><strong>cum</strong></span> <span class='ocrx_word' id='word_1_246' title='bbox 1004 3588 1059 3652; x_wconf 96' lang='lat' dir='ltr'><strong>illo</strong></span> <span class='ocrx_word' id='word_1_247' title='bbox 1082 3587 1289 3672; x_wconf 90' lang='lat' dir='ltr'><strong>relinqueres.</strong></span> 
     </span>
     <span class='ocr_line' id='line_1_34' title="bbox 146 3691 1365 3776; baseline 0 -20"><span class='ocrx_word' id='word_1_248' title='bbox 146 3703 217 3757; x_wconf 85' lang='lat' dir='ltr'><strong>esset</strong></span> <span class='ocrx_word' id='word_1_249' title='bbox 244 3693 278 3756; x_wconf 92' lang='lat' dir='ltr'><strong>in</strong></span> <span class='ocrx_word' id='word_1_250' title='bbox 306 3692 467 3756; x_wconf 89' lang='lat' dir='ltr'><strong>communi</strong></span> <span class='ocrx_word' id='word_1_251' title='bbox 502 3691 679 3776; x_wconf 89' lang='lat' dir='ltr'><strong>archetype</strong></span> <span class='ocrx_word' id='word_1_252' title='bbox 711 3691 810 3756; x_wconf 86' lang='lat' dir='ltr'><strong>fuisse</strong></span> <span class='ocrx_word' id='word_1_253' title='bbox 837 3691 978 3755; x_wconf 87' lang='lat' dir='ltr'><strong>ostendit</strong></span> <span class='ocrx_word' id='word_1_254' title='bbox 1009 3693 1047 3768; x_wconf 92' lang='lat' dir='ltr'><strong>‚si</strong></span> <span class='ocrx_word' id='word_1_255' title='bbox 1074 3729 1118 3740; x_wconf 91' lang='lat'>-</span> <span class='ocrx_word' id='word_1_256' title='bbox 1147 3691 1365 3775; x_wconf 89' lang='lat' dir='ltr'><strong>relinqueres‘,</strong></span> 
     </span>
     <span class='ocr_line' id='line_1_35' title="bbox 146 3792 1364 3882; baseline -0.002 -22"><span class='ocrx_word' id='word_1_257' title='bbox 146 3795 234 3882; x_wconf 91' lang='lat' dir='ltr'><strong>quod</strong></span> <span class='ocrx_word' id='word_1_258' title='bbox 249 3797 279 3858; x_wconf 93' lang='lat' dir='ltr'><strong>A</strong></span> <span class='ocrx_word' id='word_1_259' title='bbox 295 3815 423 3878; x_wconf 88' lang='lat' dir='ltr'><strong>quoque</strong></span> <span class='ocrx_word' id='word_1_260' title='bbox 438 3794 586 3879; x_wconf 88' lang='lat' dir='ltr'><strong>praebet;</strong></span> <span class='ocrx_word' id='word_1_261' title='bbox 610 3792 740 3878; x_wconf 91' lang='lat' dir='ltr'><strong>quodsi</strong></span> <span class='ocrx_word' id='word_1_262' title='bbox 757 3793 951 3878; x_wconf 90' lang='lat' dir='ltr'><strong>reponimus,</strong></span> <span class='ocrx_word' id='word_1_263' title='bbox 969 3793 1041 3858; x_wconf 90' lang='lat' dir='ltr'><strong>talis</strong></span> <span class='ocrx_word' id='word_1_264' title='bbox 1066 3815 1177 3859; x_wconf 88' lang='lat' dir='ltr'><strong>versus</strong></span> <span class='ocrx_word' id='word_1_265' title='bbox 1200 3793 1233 3857; x_wconf 92' lang='lat' dir='ltr'><strong>in</strong></span> <span class='ocrx_word' id='word_1_266' title='bbox 1256 3794 1364 3858; x_wconf 84' lang='lat' dir='ltr'><strong>arche-</strong></span> 
     </span>
     <span class='ocr_line' id='line_1_36' title="bbox 146 3897 711 3984; baseline -0.002 -24"><span class='ocrx_word' id='word_1_267' title='bbox 146 3907 224 3984; x_wconf 86' lang='lat' dir='ltr'><strong>typo</strong></span> <span class='ocrx_word' id='word_1_268' title='bbox 247 3897 302 3961; x_wconf 93' lang='lat' dir='ltr'><strong>illo</strong></span> <span class='ocrx_word' id='word_1_269' title='bbox 324 3897 424 3962; x_wconf 84' lang='lat' dir='ltr'><strong>fuisse</strong></span> <span class='ocrx_word' id='word_1_270' title='bbox 447 3897 627 3962; x_wconf 90' lang='lat' dir='ltr'><strong>credendus</strong></span> <span class='ocrx_word' id='word_1_271' title='bbox 649 3907 711 3960; x_wconf 87' lang='lat' dir='ltr'><strong>est:</strong></span> 
     </span>
    </p>

    <p class='ocr_par' dir='ltr' id='par_1_16' title="bbox 145 3998 1364 4287">
     <span class='ocr_line' id='line_1_37' title="bbox 230 3998 1364 4086; baseline 0 -23"><span class='ocrx_word' id='word_1_272' title='bbox 230 3998 347 4064; x_wconf 87' lang='lat' dir='ltr'><strong>Melius</strong></span> <span class='ocrx_word' id='word_1_273' title='bbox 375 4011 458 4064; x_wconf 87' lang='lat' dir='ltr'><strong>esset</strong></span> <span class='ocrx_word' id='word_1_274' title='bbox 480 3999 581 4063; x_wconf 90' lang='lat' dir='ltr'><strong>multo</strong></span> <span class='ocrx_word' id='word_1_275' title='bbox 610 4020 660 4062; x_wconf 91' lang='lat' dir='ltr'><strong>me</strong></span> <span class='ocrx_word' id='word_1_276' title='bbox 685 4019 811 4086; x_wconf 89' lang='lat' dir='ltr'><strong>quoque</strong></span> <span class='ocrx_word' id='word_1_277' title='bbox 840 4020 904 4062; x_wconf 89' lang='lat' dir='ltr'><strong>uua</strong></span> <span class='ocrx_word' id='word_1_278' title='bbox 927 3998 953 4061; x_wconf 88' lang='lat' dir='ltr'><strong>si</strong></span> <span class='ocrx_word' id='word_1_279' title='bbox 976 4020 1050 4062; x_wconf 93' lang='lat' dir='ltr'><strong>cum</strong></span> <span class='ocrx_word' id='word_1_280' title='bbox 1072 3998 1134 4064; x_wconf 93' lang='lat' dir='ltr'><strong>hoc</strong></span> <span class='ocrx_word' id='word_1_281' title='bbox 1156 3999 1364 4085; x_wconf 89' lang='lat' dir='ltr'><strong>relinqueres,</strong></span> 
     </span>
     <span class='ocr_line' id='line_1_38' title="bbox 145 4098 1364 4187; baseline 0.001 -22"><span class='ocrx_word' id='word_1_282' title='bbox 145 4098 201 4165; x_wconf 93' lang='lat' dir='ltr'><strong>ubi</strong></span> <span class='ocrx_word' id='word_1_283' title='bbox 225 4101 371 4186; x_wconf 79' lang='lat' dir='ltr'><strong>linqueres</strong></span> <span class='ocrx_word' id='word_1_284' title='bbox 393 4112 530 4166; x_wconf 89' lang='lat' dir='ltr'><strong>metrum</strong></span> <span class='ocrx_word' id='word_1_285' title='bbox 558 4098 638 4165; x_wconf 91' lang='lat' dir='ltr'><strong>bene</strong></span> <span class='ocrx_word' id='word_1_286' title='bbox 661 4101 850 4165; x_wconf 90' lang='lat' dir='ltr'><strong>restitueret.</strong></span> <span class='ocrx_word' id='word_1_287' title='bbox 886 4099 983 4164; x_wconf 88' lang='lat' dir='ltr'><strong>aliam</strong></span> <span class='ocrx_word' id='word_1_288' title='bbox 1006 4100 1092 4165; x_wconf 89' lang='lat' dir='ltr'><strong>viam</strong></span> <span class='ocrx_word' id='word_1_289' title='bbox 1120 4100 1283 4187; x_wconf 90' lang='lat' dir='ltr'><strong>ingressus</strong></span> <span class='ocrx_word' id='word_1_290' title='bbox 1306 4111 1364 4180; x_wconf 79' lang='lat' dir='ltr'><strong>est,</strong></span> 
     </span>
     <span class='ocr_line' id='line_1_39' title="bbox 146 4201 1364 4287; baseline -0.002 -19"><span class='ocrx_word' id='word_1_291' title='bbox 146 4204 202 4287; x_wconf 94' lang='lat' dir='ltr'><strong>qui</strong></span> <span class='ocrx_word' id='word_1_292' title='bbox 221 4201 403 4268; x_wconf 82' lang='lat' dir='ltr'><strong>Palatinam</strong></span> <span class='ocrx_word' id='word_1_293' title='bbox 425 4203 643 4268; x_wconf 88' lang='lat' dir='ltr'><strong>recensionem</strong></span> <span class='ocrx_word' id='word_1_294' title='bbox 666 4203 825 4268; x_wconf 91' lang='lat' dir='ltr'><strong>condidit:</strong></span> <span class='ocrx_word' id='word_1_295' title='bbox 860 4201 960 4267; x_wconf 88' lang='lat' dir='ltr'><strong>verbo</strong></span> <span class='ocrx_word' id='word_1_296' title='bbox 987 4203 1082 4266; x_wconf 83' lang='lat' dir='ltr'><strong>multo</strong></span> <span class='ocrx_word' id='word_1_297' title='bbox 1103 4201 1171 4267; x_wconf 90' lang='lat' dir='ltr'><strong>sive</strong></span> <span class='ocrx_word' id='word_1_298' title='bbox 1195 4223 1274 4267; x_wconf 89' lang='lat' dir='ltr'><strong>casu</strong></span> <span class='ocrx_word' id='word_1_299' title='bbox 1295 4201 1364 4266; x_wconf 84' lang='lat' dir='ltr'><strong>sive</strong></span> 
     </span>
    </p>
   </div>
   <div class='ocr_carea' id='block_1_3' title="bbox 235 4394 1294 4515">
    <p class='ocr_par' dir='ltr' id='par_1_17' title="bbox 235 4394 1294 4515">
     <span class='ocr_line' id='line_1_40' title="bbox 235 4394 1294 4515; baseline -0.001 -20"><span class='ocrx_word' id='word_1_300' title='bbox 235 4441 256 4511; x_wconf 91' lang='lat'><strong>¹)</strong></span> <span class='ocrx_word' id='word_1_301' title='bbox 274 4439 321 4495; x_wconf 87' lang='lat' dir='ltr'><strong>Sic</strong></span> <span class='ocrx_word' id='word_1_302' title='bbox 340 4440 497 4511; x_wconf 84' lang='lat' dir='ltr'><strong>Geppertus</strong></span> <span class='ocrx_word' id='word_1_303' title='bbox 516 4441 583 4496; x_wconf 83' lang='lat' dir='ltr'><strong>stud.</strong></span> <span class='ocrx_word' id='word_1_304' title='bbox 602 4439 633 4495; x_wconf 90' lang='lat' dir='ltr'>H</span> <span class='ocrx_word' id='word_1_305' title='bbox 650 4457 676 4512; x_wconf 90' lang='lat' dir='ltr'><strong>p.</strong></span> <span class='ocrx_word' id='word_1_306' title='bbox 694 4440 736 4497; x_wconf 83' lang='lat'><strong>33.</strong></span> <span class='ocrx_word' id='word_1_307' title='bbox 770 4440 942 4499; x_wconf 84' lang='lat' dir='ltr'><strong>Ritschelius</strong></span> <span class='ocrx_word' id='word_1_308' title='bbox 960 4443 989 4498; x_wconf 87' lang='lat' dir='ltr'><strong>in</strong></span> <span class='ocrx_word' id='word_1_309' title='bbox 1008 4442 1035 4498; x_wconf 77' lang='lat' dir='ltr'>A</span> <span class='ocrx_word' id='word_1_310' title='bbox 1053 4440 1124 4515; x_wconf 78' lang='lat' dir='ltr'><strong>legit</strong></span> <span class='ocrx_word' id='word_1_311' title='bbox 1140 4441 1195 4498; x_wconf 80' lang='lat' dir='ltr'><strong>illo.</strong></span> <span class='ocrx_word' id='word_1_312' title='bbox 1289 4394 1294 4413; x_wconf 83' lang='lat'><strong>·</strong></span> 
     </span>
    </p>
   </div>
   <div class='ocr_carea' id='block_1_4' title="bbox 0 0 1524 5220">
    <p class='ocr_par' dir='ltr' id='par_1_18' title="bbox 0 0 1524 5220">
     <span class='ocr_line' id='line_1_41' title="bbox 0 0 1524 5220; baseline 0 1"><span class='ocrx_word' id='word_1_313' title='bbox 0 0 1524 5220; x_wconf 95' lang='lat' dir='ltr'><strong> </strong></span> 
     </span>
    </p>
   </div>
  </div>
 </body>
</html>
