3038 5220
661 202 860 301 Q—

233 406 347 470 Baeols.
371 406 487 490 519¹);
521 407 561 473 cf.
596 405 837 474 Studemundus
876 408 947 471 ua.
980 408 1053 470 awai
1073 406 1315 472 ParallebKom.
1335 410 1366 476 d.

150 507 297 594 Diphilo
318 531 350 595 p.
372 508 423 576 53.

233 611 283 676 A:
305 610 413 696 Quam
435 612 461 676 si
479 612 521 677 ad
543 613 750 698 sepulchrum
767 622 891 676 mortno
910 622 1018 675 narret
1035 611 1109 696 (aiae
1125 612 1253 696 narres)
1275 612 1367 697 logos

234 711 277 778 P:
300 712 406 798 Quam
428 715 454 778 si
478 714 520 779 ad
543 716 726 800 sepulcrum
749 726 875 781 mortuo
899 713 986 778 dicat
1006 713 1122 790 iocum,

145 815 206 883 ubi
227 815 257 880 P
278 815 374 901 longe
392 816 511 883 cedunt
533 818 757 884 Ambrosiano.

189 921 261 987 Mil„
278 921 355 1006 plor.
378 919 442 984 266

234 1019 277 1085 A:
301 1019 338 1086 Si
352 1019 491 1097 invenio,
513 1021 570 1106 qui
591 1021 709 1099 dixit,
732 1021 867 1088 adeum
889 1022 1034 1086 vineam
1058 1020 1249 1106 pluteosque
1272 1040 1369 1103 agam

140 1154 147 1164 ·
234 1122 279 1187 P:
301 1122 338 1189 Si
361 1124 502 1201 invenio,
527 1124 582 1211 qui
606 1124 722 1202 vidit,
745 1124 787 1189 ad
807 1146 882 1189 eum
901 1123 1027 1187 vineas
1047 1123 1236 1210 pluteosque
1260 1143 1365 1205 agam.

145 1234 321 1312 utrumque
344 1225 479 1291 verbum
501 1248 603 1315 aeque
632 1227 712 1291 bene
736 1225 853 1292 habere
876 1225 1032 1290 concedet
1062 1225 1116 1312 qui
1140 1224 1365 1290 antecedentes

147 1348 261 1392 versus
293 1329 538 1412 comparaverit.
590 1329 633 1394 ad
671 1329 805 1392 alteram
845 1328 1097 1413 discrepantiam
1130 1327 1217 1411 quod
1240 1327 1365 1404 attinet,

146 1450 263 1494 vereor
284 1452 325 1494 ne
348 1430 562 1515 corruptelam
580 1430 790 1496 Ambrosiani
812 1454 870 1518 pro
892 1431 1034 1516 genuina
1050 1431 1210 1515 scriptura
1232 1429 1371 1493 editores

152 1531 340 1610 habuerint:
367 1556 442 1598 nam
466 1556 549 1620 quae
571 1537 653 1598 ratio
676 1533 778 1599 subsit
808 1534 933 1599 numeri
961 1533 1132 1598 mutationi
1156 1555 1216 1619 ego
1239 1532 1371 1620 quidem

148 1657 213 1699 non
237 1634 406 1720 intelleg03
429 1636 542 1701 similis
565 1648 613 1702 est
636 1637 852 1721 discrepantia
877 1635 1056 1702 scutato

234 1737 283 1802 A:
303 1737 368 1803 340
388 1737 436 1802 At
458 1761 518 1823 ego
541 1739 630 1824 perii,
655 1739 708 1803 oui
725 1739 919 1805 medullas
942 1737 1098 1805 lassitudo
1121 1735 1271 1822 perbibit.

302 1838 364 1904 341
383 1839 398 1928 ΙΙ
413 1839 500 1925 Quid
530 1864 590 1926 ego
620 1841 735 1905 misero
763 1839 817 1904 cui
846 1838 1041 1904 medullas
1072 1839 1192 1903 ventris
1226 1836 1371 1924 percepit

1123 1941 1249 2006 fames?

235 2044 278 2108 P:
386 2045 430 2107 At
455 2066 516 2129 ego
539 2045 629 2130 perii,
654 2044 729 2129 quoi
751 2042 961 2110 medullam
983 2042 1141 2106 lassitudo
1164 2041 1314 2127 perbibit.

386 2147 400 2236 ΙΙ
416 2146 504 2231 Quid
532 2169 593 2234 ego
615 2149 668 2212 cui
698 2148 815 2212 misero
839 2143 1054 2212 medullam
1076 2145 1198 2208 ventris
1226 2143 1372 2231 percepit

1121 2247 1247 2315 fames?

145 2348 205 2415 ubi
227 2371 301 2414 cum
323 2351 456 2414 medulla
478 2351 609 2435 proprio
632 2371 728 2415 sensu
744 2346 948 2425 adhibeatur,
971 2348 1144 2434 singularis
1165 2348 1370 2435 recipiendus

145 2462 207 2516 est.
251 2451 284 2514 in
306 2450 340 2515 A
362 2451 461 2537 igitur
484 2462 697 2516 correctorem
722 2451 1002 2538 deprehendimus.

191 2553 288 2639 Elpid.
311 2552 375 2619 624

235 2656 281 2720 A:
306 2654 366 2720 Est
394 2655 585 2733 consimilis,
613 2656 707 2743 qnasi
738 2678 835 2739 quom
862 2655 991 2742 siguum
1026 2656 1149 2740 pictum
1177 2655 1287 2740 pulcre
1318 2656 1372 2720 ad·

1116 2759 1272 2844 spexeris.

145 2860 191 2926 P:
215 2863 334 2925 adoria.

196 2963 278 3028 Trt'a.
301 2962 384 3028 335-

233 3065 281 3130 A:
305 3064 431 3149 Edepol
454 3065 616 3128 hominem
644 3066 971 3149 praemandatum
999 3066 1088 3130 firme
1113 3077 1145 3130 et
1168 3067 1373 3131 familiariter

233 3166 275 3231 P:
298 3167 424 3254 Edepol
448 3167 610 3231 hominem
634 3166 908 3253 praedicatum
932 3168 1022 3231 firme
1046 3181 1078 3232 et
1100 3169 1312 3233 familiariter.

144 3272 404 3356 praemandatum
418 3292 480 3332 non
500 3267 671 3332 abhorrere
687 3269 869 3334 aPlautina
889 3270 1120 3333 consuetudine
1139 3270 1373 3333 demonstravit

149 3372 326 3458 Langenus
349 3395 380 3457 p.
404 3371 476 3448 307,
507 3371 561 3454 qui
585 3369 671 3435 idem
700 3371 738 3435 de
762 3372 861 3437 verbo
879 3373 1060 3458 praedicare
1087 3371 1198 3455 plene,
1229 3372 1371 3436 sednon

148 3497 281 3559 prorsus
303 3485 391 3539 recte
408 3495 507 3560 agens
523 3472 745 3538 Palatinarum
769 3475 960 3559 scripturam
973 3476 1186 3560 praedicatam
1208 3497 1270 3538 nan
1290 3473 1372 3538 bene

150 3577 380 3664 interpretatus
408 3586 476 3653 est,
506 3598 578 3640 eum
608 3575 709 3639 dicat:
743 3575 1009 3662 ,Unplautinisch
1038 3575 1186 3660 dagegen
1214 3576 1256 3640 ist
1282 3598 1373 3660 prae·

149 3679 258 3744 dicare
280 3679 314 3743 in
336 3678 393 3743 der
415 3678 606 3743 transitiven
629 3677 824 3763 Bedeutung
848 3699 911 3742 von
933 3677 1068 3742 laudare
1097 3679 1178 3741 Tra'a.
1202 3679 1265 3744 335
1288 3677 1373 3742 nach

149 3782 208 3846 der
240 3781 477 3868 palatinischen
505 3780 708 3846 Recension.‘
758 3793 791 3845 at
818 3780 950 3844 minime
978 3802 1016 3843 ea
1045 3781 1239 3866 significatio
1273 3781 1372 3846 verbo

150 3883 361 3972 praedicandi
383 3883 443 3948 hoc
466 3883 537 3946 loco
559 3881 760 3948 obtrudenda
776 3895 834 3959 est,
857 3904 931 3946 oum
955 3883 1018 3947 alia
1043 3905 1145 3970 eaque
1161 3884 1280 3948 usitata
1303 3905 1371 3947 sen-

147 3986 267 4051 tentiae
294 3985 390 4072 plane
413 3984 599 4049 satisfaciat.
643 3997 692 4047 sat
720 4004 817 4068 saepe
840 3984 924 4048 enim
950 3988 1140 4071 praedicare,
1171 3987 1198 4049 si
1220 3986 1255 4049 in
1278 3996 1365 4050 ante-

149 4142 352 4154 -u—-n

186 4223 190 4228 ¹
237 4241 260 4310 ¹)
276 4257 304 4309 p.
321 4240 356 4294 68
374 4257 414 4307 sq.
439 4255 514 4293 nunc
541 4238 622 4291 video
646 4239 741 4291 nescio
769 4255 824 4306 quo
851 4256 916 4292 casu
938 4239 1039 4293 relicta
1063 4257 1123 4294 esse
1153 4258 1224 4308 quae
1248 4239 1316 4294 olim
1338 4239 1372 4294 de

150 4325 292 4396 scriptura
311 4323 499 4378 Ambrosiana
516 4322 704 4376 Ritschelium
733 4328 844 4377 secutus
862 4339 987 4392 egeram,
1012 4329 1160 4393 antequam
1184 4323 1372 4379 Studemnndi

150 4410 303 4466 lectionem
321 4409 449 4483 cognovi.
483 4408 560 4462 illius
578 4407 666 4478 igitur
683 4407 739 4462 loci
756 4406 978 4477 disputationem
994 4409 1080 4466 eiciat
1096 4411 1194 4466 lector.
