<?xml version="1.0" encoding="UTF-8"?>
<!DOCTYPE html PUBLIC "-//W3C//DTD XHTML 1.0 Transitional//EN"
    "http://www.w3.org/TR/xhtml1/DTD/xhtml1-transitional.dtd">
<html xmlns="http://www.w3.org/1999/xhtml" xml:lang="en" lang="en">
 <head>
  <title>
</title>
<meta http-equiv="Content-Type" content="text/html;charset=utf-8" />
  <meta name='ocr-system' content='tesseract 3.04.00' />
  <meta name='ocr-capabilities' content='ocr_page ocr_carea ocr_par ocr_line ocrx_word'/>
</head>
<body>
  <div class='ocr_page' id='page_1' title='image "./deplautifabular01baiegoog_0082.png"; bbox 0 0 3038 5220; ppageno 0'>
   <div class='ocr_carea' id='block_1_1' title="bbox 733 257 774 322">
    <p class='ocr_par' dir='ltr' id='par_1_1' title="bbox 733 257 774 322">
     <span class='ocr_line' id='line_1_1' title="bbox 733 257 774 322; baseline 0.024 -1"><span class='ocrx_word' id='word_1_1' title='bbox 733 257 774 322; x_wconf 83' lang='grc'>73</span> 
     </span>
    </p>
   </div>
   <div class='ocr_carea' id='block_1_2' title="bbox 139 459 1368 1162">
    <p class='ocr_par' dir='ltr' id='par_1_2' title="bbox 139 459 1368 1162">
     <span class='ocr_line' id='line_1_2' title="bbox 146 459 1368 548; baseline 0.004 -22"><span class='ocrx_word' id='word_1_2' title='bbox 146 484 187 526; x_wconf 91' lang='lat' dir='ltr'>ne</span> <span class='ocrx_word' id='word_1_3' title='bbox 205 461 369 539; x_wconf 88' lang='lat' dir='ltr'>iudicium,</span> <span class='ocrx_word' id='word_1_4' title='bbox 395 461 482 548; x_wconf 89' lang='lat' dir='ltr'>quod</span> <span class='ocrx_word' id='word_1_5' title='bbox 505 461 543 524; x_wconf 87' lang='lat' dir='ltr'>de</span> <span class='ocrx_word' id='word_1_6' title='bbox 561 459 770 526; x_wconf 90' lang='lat' dir='ltr'>Ambrosiani</span> <span class='ocrx_word' id='word_1_7' title='bbox 792 463 988 548; x_wconf 74' lang='lat' dir='ltr'>praestantia</span> <span class='ocrx_word' id='word_1_8' title='bbox 1009 464 1082 546; x_wconf 78' lang='lat' dir='ltr'>fere,</span> <span class='ocrx_word' id='word_1_9' title='bbox 1091 463 1211 548; x_wconf 92' lang='lat' dir='ltr'>ubique</span> <span class='ocrx_word' id='word_1_10' title='bbox 1235 464 1368 531; x_wconf 87' lang='lat' dir='ltr'>circum·</span> 
     </span>
     <span class='ocr_line' id='line_1_3' title="bbox 145 563 1368 651; baseline 0.004 -23"><span class='ocrx_word' id='word_1_11' title='bbox 145 566 257 641; x_wconf 88' lang='lat' dir='ltr'>fertur,</span> <span class='ocrx_word' id='word_1_12' title='bbox 289 587 352 628; x_wconf 93' lang='lat' dir='ltr'>non</span> <span class='ocrx_word' id='word_1_13' title='bbox 376 563 576 628; x_wconf 84' lang='lat' dir='ltr'>mediocriter</span> <span class='ocrx_word' id='word_1_14' title='bbox 598 563 798 628; x_wconf 87' lang='lat' dir='ltr'>immutaturi</span> <span class='ocrx_word' id='word_1_15' title='bbox 820 564 1044 651; x_wconf 82' lang='lat' dir='ltr'>neglegentiae</span> <span class='ocrx_word' id='word_1_16' title='bbox 1066 576 1098 630; x_wconf 90' lang='lat' dir='ltr'>et</span> <span class='ocrx_word' id='word_1_17' title='bbox 1120 566 1259 631; x_wconf 85' lang='lat' dir='ltr'>levitatis</span> <span class='ocrx_word' id='word_1_18' title='bbox 1281 568 1368 635; x_wconf 92' lang='lat' dir='ltr'>incu-</span> 
     </span>
     <span class='ocr_line' id='line_1_4' title="bbox 146 665 1368 755; baseline 0.006 -25"><span class='ocrx_word' id='word_1_19' title='bbox 146 689 300 744; x_wconf 86' lang='lat' dir='ltr'>saremur,</span> <span class='ocrx_word' id='word_1_20' title='bbox 338 667 371 730; x_wconf 93' lang='lat' dir='ltr'>in</span> <span class='ocrx_word' id='word_1_21' title='bbox 396 666 497 730; x_wconf 88' lang='lat' dir='ltr'>altero</span> <span class='ocrx_word' id='word_1_22' title='bbox 515 665 621 750; x_wconf 86' lang='lat' dir='ltr'>capite</span> <span class='ocrx_word' id='word_1_23' title='bbox 648 665 759 731; x_wconf 87' lang='lat' dir='ltr'>licebit</span> <span class='ocrx_word' id='word_1_24' title='bbox 781 689 847 731; x_wconf 90' lang='lat' dir='ltr'>rem</span> <span class='ocrx_word' id='word_1_25' title='bbox 877 666 1007 732; x_wconf 89' lang='lat' dir='ltr'>brevius</span> <span class='ocrx_word' id='word_1_26' title='bbox 1033 677 1185 746; x_wconf 88' lang='lat' dir='ltr'>tractare,</span> <span class='ocrx_word' id='word_1_27' title='bbox 1213 669 1290 753; x_wconf 89' lang='lat' dir='ltr'>quia</span> <span class='ocrx_word' id='word_1_28' title='bbox 1312 670 1368 755; x_wconf 85' lang='lat' dir='ltr'>qui</span> 
     </span>
     <span class='ocr_line' id='line_1_5' title="bbox 139 768 1367 857; baseline 0.005 -25"><span class='ocrx_word' id='word_1_29' title='bbox 139 770 189 833; x_wconf 88' lang='lat' dir='ltr'>ad</span> <span class='ocrx_word' id='word_1_30' title='bbox 219 769 442 833; x_wconf 83' lang='lat' dir='ltr'>Palatinarum</span> <span class='ocrx_word' id='word_1_31' title='bbox 476 768 695 832; x_wconf 83' lang='lat' dir='ltr'>recensionem</span> <span class='ocrx_word' id='word_1_32' title='bbox 724 769 884 854; x_wconf 77' lang='lat' dir='ltr'>pertinent</span> <span class='ocrx_word' id='word_1_33' title='bbox 906 769 982 848; x_wconf 89' lang='lat' dir='ltr'>loci,</span> <span class='ocrx_word' id='word_1_34' title='bbox 1010 769 1105 857; x_wconf 86' lang='lat' dir='ltr'>longe</span> <span class='ocrx_word' id='word_1_35' title='bbox 1133 771 1264 855; x_wconf 91' lang='lat' dir='ltr'>plurimi</span> <span class='ocrx_word' id='word_1_36' title='bbox 1294 794 1367 838; x_wconf 88' lang='lat' dir='ltr'>cum</span> 
     </span>
     <span class='ocr_line' id='line_1_6' title="bbox 147 871 1367 960; baseline 0.002 -22"><span class='ocrx_word' id='word_1_37' title='bbox 147 873 189 938; x_wconf 88' lang='lat' dir='ltr'>ab</span> <span class='ocrx_word' id='word_1_38' title='bbox 216 873 288 936; x_wconf 87' lang='lat' dir='ltr'>aliis</span> <span class='ocrx_word' id='word_1_39' title='bbox 316 885 385 937; x_wconf 91' lang='lat' dir='ltr'>tnm</span> <span class='ocrx_word' id='word_1_40' title='bbox 414 871 652 958; x_wconf 86' lang='lat' dir='ltr'>aNiemeyero</span> <span class='ocrx_word' id='word_1_41' title='bbox 679 871 744 935; x_wconf 87' lang='lat' dir='ltr'>iam</span> <span class='ocrx_word' id='word_1_42' title='bbox 771 871 893 936; x_wconf 91' lang='lat' dir='ltr'>inventi</span> <span class='ocrx_word' id='word_1_43' title='bbox 921 884 952 936; x_wconf 90' lang='lat' dir='ltr'>et</span> <span class='ocrx_word' id='word_1_44' title='bbox 980 871 1110 937; x_wconf 87' lang='lat' dir='ltr'>tractati</span> <span class='ocrx_word' id='word_1_45' title='bbox 1137 882 1227 959; x_wconf 80' lang='lat' dir='ltr'>sunt3</span> <span class='ocrx_word' id='word_1_46' title='bbox 1258 898 1367 960; x_wconf 91' lang='lat' dir='ltr'>quam·</span> 
     </span>
     <span class='ocr_line' id='line_1_7' title="bbox 147 972 1368 1064; baseline 0.001 -24"><span class='ocrx_word' id='word_1_47' title='bbox 147 998 245 1063; x_wconf 87' lang='lat' dir='ltr'>quam</span> <span class='ocrx_word' id='word_1_48' title='bbox 273 974 324 1039; x_wconf 87' lang='lat' dir='ltr'>vel</span> <span class='ocrx_word' id='word_1_49' title='bbox 349 974 411 1038; x_wconf 85' lang='lat' dir='ltr'>hac</span> <span class='ocrx_word' id='word_1_50' title='bbox 445 974 535 1037; x_wconf 90' lang='lat' dir='ltr'>inre</span> <span class='ocrx_word' id='word_1_51' title='bbox 563 972 651 1037; x_wconf 89' lang='lat' dir='ltr'>haud</span> <span class='ocrx_word' id='word_1_52' title='bbox 680 973 725 1037; x_wconf 90' lang='lat' dir='ltr'>ita</span> <span class='ocrx_word' id='word_1_53' title='bbox 754 997 826 1037; x_wconf 91' lang='lat' dir='ltr'>raro</span> <span class='ocrx_word' id='word_1_54' title='bbox 854 974 947 1039; x_wconf 92' lang='lat' dir='ltr'>nobis</span> <span class='ocrx_word' id='word_1_55' title='bbox 975 974 1125 1061; x_wconf 90' lang='lat' dir='ltr'>contigit,</span> <span class='ocrx_word' id='word_1_56' title='bbox 1155 984 1198 1039; x_wconf 90' lang='lat' dir='ltr'>ut·</span> <span class='ocrx_word' id='word_1_57' title='bbox 1222 975 1368 1064; x_wconf 81' lang='lat' dir='ltr'>inprimis</span> 
     </span>
     <span class='ocr_line' id='line_1_8' title="bbox 147 1075 1367 1162; baseline 0.002 -20"><span class='ocrx_word' id='word_1_58' title='bbox 147 1077 226 1142; x_wconf 89' lang='lat' dir='ltr'>locis</span> <span class='ocrx_word' id='word_1_59' title='bbox 247 1085 321 1162; x_wconf 86' lang='lat' dir='ltr'>apte</span> <span class='ocrx_word' id='word_1_60' title='bbox 340 1075 532 1160; x_wconf 88' lang='lat' dir='ltr'>comparatis</span> <span class='ocrx_word' id='word_1_61' title='bbox 548 1075 736 1139; x_wconf 90' lang='lat' dir='ltr'>recensendi</span> <span class='ocrx_word' id='word_1_62' title='bbox 758 1076 913 1140; x_wconf 86' lang='lat' dir='ltr'>rationem</span> <span class='ocrx_word' id='word_1_63' title='bbox 930 1099 1013 1140; x_wconf 90' lang='lat' dir='ltr'>nova</span> <span class='ocrx_word' id='word_1_64' title='bbox 1036 1077 1108 1142; x_wconf 92' lang='lat' dir='ltr'>luce</span> <span class='ocrx_word' id='word_1_65' title='bbox 1123 1077 1367 1145; x_wconf 75' lang='lat' dir='ltr'>illustraremus.</span> 
     </span>
    </p>
   </div>
   <div class='ocr_carea' id='block_1_3' title="bbox 591 1330 926 1450">
    <p class='ocr_par' dir='ltr' id='par_1_3' title="bbox 591 1330 926 1450">
     <span class='ocr_line' id='line_1_9' title="bbox 591 1330 926 1450; baseline 0.012 -23"><span class='ocrx_word' id='word_1_66' title='bbox 591 1330 722 1450; x_wconf 72' lang='lat' dir='ltr'>Caput</span> <span class='ocrx_word' id='word_1_67' title='bbox 748 1364 926 1432; x_wconf 90' lang='lat' dir='ltr'>alterum.</span> 
     </span>
    </p>
   </div>
   <div class='ocr_carea' id='block_1_4' title="bbox 723 1484 797 1566">
    <p class='ocr_par' dir='ltr' id='par_1_4' title="bbox 723 1484 797 1566">
     <span class='ocr_line' id='line_1_10' title="bbox 723 1484 797 1566; baseline -0.014 -19"><span class='ocrx_word' id='word_1_68' title='bbox 723 1484 797 1566; x_wconf 75' lang='lat'>§1-</span> 
     </span>
    </p>
   </div>
   <div class='ocr_carea' id='block_1_5' title="bbox 148 1581 1370 1896">
    <p class='ocr_par' dir='ltr' id='par_1_5' title="bbox 148 1581 1370 1896">
     <span class='ocr_line' id='line_1_11' title="bbox 232 1581 1370 1692; baseline 0.002 -22"><span class='ocrx_word' id='word_1_69' title='bbox 232 1606 285 1670; x_wconf 82' lang='lat' dir='ltr'>Ex</span> <span class='ocrx_word' id='word_1_70' title='bbox 313 1605 353 1669; x_wconf 89' lang='lat' dir='ltr'>iis</span> <span class='ocrx_word' id='word_1_71' title='bbox 383 1605 477 1682; x_wconf 87' lang='lat' dir='ltr'>locis,</span> <span class='ocrx_word' id='word_1_72' title='bbox 512 1600 628 1688; x_wconf 87' lang='lat' dir='ltr'>quibus</span> <span class='ocrx_word' id='word_1_73' title='bbox 655 1601 869 1691; x_wconf 89' lang='lat' dir='ltr'>Niemeyerus</span> <span class='ocrx_word' id='word_1_74' title='bbox 903 1604 947 1689; x_wconf 89' lang='lat' dir='ltr'>(p.</span> <span class='ocrx_word' id='word_1_75' title='bbox 975 1581 1129 1692; x_wconf 78' lang='lat'>24-26)</span> <span class='ocrx_word' id='word_1_76' title='bbox 1159 1618 1370 1672; x_wconf 87' lang='lat' dir='ltr'>correctorem</span> 
     </span>
     <span class='ocr_line' id='line_1_12' title="bbox 148 1706 1369 1794; baseline 0.001 -22"><span class='ocrx_word' id='word_1_77' title='bbox 148 1709 318 1794; x_wconf 88' lang='lat' dir='ltr'>prosodiae</span> <span class='ocrx_word' id='word_1_78' title='bbox 353 1707 525 1772; x_wconf 84' lang='lat' dir='ltr'>Plautinae</span> <span class='ocrx_word' id='word_1_79' title='bbox 553 1706 736 1792; x_wconf 89' lang='lat' dir='ltr'>ignorantia</span> <span class='ocrx_word' id='word_1_80' title='bbox 764 1706 806 1771; x_wconf 88' lang='lat' dir='ltr'>ad</span> <span class='ocrx_word' id='word_1_81' title='bbox 833 1707 1042 1772; x_wconf 89' lang='lat' dir='ltr'>mutationem</span> <span class='ocrx_word' id='word_1_82' title='bbox 1078 1707 1270 1794; x_wconf 89' lang='lat' dir='ltr'>perductum</span> <span class='ocrx_word' id='word_1_83' title='bbox 1299 1731 1369 1774; x_wconf 88' lang='lat' dir='ltr'>esse</span> 
     </span>
     <span class='ocr_line' id='line_1_13' title="bbox 150 1807 1368 1896; baseline 0.002 -23"><span class='ocrx_word' id='word_1_84' title='bbox 150 1812 254 1888; x_wconf 87' lang='lat' dir='ltr'>docet,</span> <span class='ocrx_word' id='word_1_85' title='bbox 271 1810 421 1874; x_wconf 90' lang='lat' dir='ltr'>nonnulli</span> <span class='ocrx_word' id='word_1_86' title='bbox 445 1819 538 1874; x_wconf 88' lang='lat' dir='ltr'>erunt</span> <span class='ocrx_word' id='word_1_87' title='bbox 554 1807 748 1894; x_wconf 87' lang='lat' dir='ltr'>excipiendi,</span> <span class='ocrx_word' id='word_1_88' title='bbox 773 1809 836 1891; x_wconf 87' lang='lat' dir='ltr'>alii,</span> <span class='ocrx_word' id='word_1_89' title='bbox 861 1833 942 1894; x_wconf 85' lang='lat' dir='ltr'>quos</span> <span class='ocrx_word' id='word_1_90' title='bbox 959 1808 1013 1874; x_wconf 92' lang='lat' dir='ltr'>ille</span> <span class='ocrx_word' id='word_1_91' title='bbox 1030 1810 1143 1874; x_wconf 85' lang='lat' dir='ltr'>afferre</span> <span class='ocrx_word' id='word_1_92' title='bbox 1166 1821 1368 1896; x_wconf 89' lang='lat' dir='ltr'>nonpoterat,</span> 
     </span>
    </p>
   </div>
   <div class='ocr_carea' id='block_1_6' title="bbox 150 1912 301 1977">
    <p class='ocr_par' dir='ltr' id='par_1_6' title="bbox 150 1912 301 1977">
     <span class='ocr_line' id='line_1_14' title="bbox 150 1912 301 1977; baseline 0.007 -1"><span class='ocrx_word' id='word_1_93' title='bbox 150 1912 301 1977; x_wconf 87' lang='lat' dir='ltr'>addendi.</span> 
     </span>
    </p>
   </div>
   <div class='ocr_carea' id='block_1_7' title="bbox 233 2030 430 2096">
    <p class='ocr_par' dir='ltr' id='par_1_7' title="bbox 233 2030 430 2096">
     <span class='ocr_line' id='line_1_15' title="bbox 233 2030 430 2096; baseline -0.01 -1"><span class='ocrx_word' id='word_1_94' title='bbox 233 2033 345 2096; x_wconf 83' lang='lat' dir='ltr'>Pseud.</span> <span class='ocrx_word' id='word_1_95' title='bbox 368 2030 430 2095; x_wconf 82' lang='lat'>382</span> 
     </span>
    </p>
   </div>
   <div class='ocr_carea' id='block_1_8' title="bbox 149 2116 1370 2426">
    <p class='ocr_par' dir='ltr' id='par_1_8' title="bbox 149 2116 1370 2426">
     <span class='ocr_line' id='line_1_16' title="bbox 177 2116 1369 2222; baseline 0.002 -23"><span class='ocrx_word' id='word_1_96' title='bbox 177 2136 238 2199; x_wconf 72' lang='lat' dir='ltr'>vA:</span> <span class='ocrx_word' id='word_1_97' title='bbox 262 2116 432 2198; x_wconf 71' lang='lat' dir='ltr'>Exossabo</span> <span class='ocrx_word' id='word_1_98' title='bbox 448 2155 516 2216; x_wconf 87' lang='lat' dir='ltr'>ego</span> <span class='ocrx_word' id='word_1_99' title='bbox 529 2116 650 2196; x_wconf 79' lang='lat' dir='ltr'>illum</span> <span class='ocrx_word' id='word_1_100' title='bbox 666 2133 858 2199; x_wconf 87' lang='lat' dir='ltr'>similiter</span> <span class='ocrx_word' id='word_1_101' title='bbox 872 2135 982 2200; x_wconf 83' lang='lat' dir='ltr'>itidem</span> <span class='ocrx_word' id='word_1_102' title='bbox 1000 2147 1036 2200; x_wconf 92' lang='lat' dir='ltr'>ut</span> <span class='ocrx_word' id='word_1_103' title='bbox 1050 2136 1238 2201; x_wconf 76' lang='lat' dir='ltr'>muraenam</span> <span class='ocrx_word' id='word_1_104' title='bbox 1251 2159 1369 2222; x_wconf 88' lang='lat' dir='ltr'>coquos</span> 
     </span>
     <span class='ocr_line' id='line_1_17' title="bbox 149 2235 850 2322; baseline -0.003 -19"><span class='ocrx_word' id='word_1_105' title='bbox 149 2237 276 2304; x_wconf 88' lang='lat' dir='ltr'>Nonius</span> <span class='ocrx_word' id='word_1_106' title='bbox 299 2261 331 2322; x_wconf 92' lang='lat' dir='ltr'>p.</span> <span class='ocrx_word' id='word_1_107' title='bbox 357 2236 431 2300; x_wconf 81' lang='lat'>170:</span> <span class='ocrx_word' id='word_1_108' title='bbox 467 2258 527 2320; x_wconf 86' lang='lat' dir='ltr'>ego</span> <span class='ocrx_word' id='word_1_109' title='bbox 550 2235 640 2298; x_wconf 88' lang='lat' dir='ltr'>illum</span> <span class='ocrx_word' id='word_1_110' title='bbox 663 2236 850 2310; x_wconf 64' lang='lat' dir='ltr'>,simulter</span> 
     </span>
     <span class='ocr_line' id='line_1_18' title="bbox 190 2322 1370 2426; baseline 0.003 -22"><span class='ocrx_word' id='word_1_111' title='bbox 190 2340 232 2404; x_wconf 94' lang='lat' dir='ltr'>P:</span> <span class='ocrx_word' id='word_1_112' title='bbox 258 2322 428 2404; x_wconf 76' lang='lat' dir='ltr'>Exossabo</span> <span class='ocrx_word' id='word_1_113' title='bbox 443 2338 569 2402; x_wconf 84' lang='lat' dir='ltr'>simili</span> <span class='ocrx_word' id='word_1_114' title='bbox 579 2338 638 2402; x_wconf 87' lang='lat' dir='ltr'>te&#39;r</span> <span class='ocrx_word' id='word_1_115' title='bbox 654 2360 724 2422; x_wconf 88' lang='lat' dir='ltr'>ego</span> <span class='ocrx_word' id='word_1_116' title='bbox 740 2338 851 2403; x_wconf 92' lang='lat' dir='ltr'>illum</span> <span class='ocrx_word' id='word_1_117' title='bbox 866 2340 977 2404; x_wconf 87' lang='lat' dir='ltr'>itidem</span> <span class='ocrx_word' id='word_1_118' title='bbox 994 2349 1030 2405; x_wconf 94' lang='lat' dir='ltr'>ut</span> <span class='ocrx_word' id='word_1_119' title='bbox 1042 2341 1229 2405; x_wconf 73' lang='lat' dir='ltr'>muraenam</span> <span class='ocrx_word' id='word_1_120' title='bbox 1243 2364 1370 2426; x_wconf 90' lang='lat' dir='ltr'>coquos·</span> 
     </span>
    </p>
   </div>
   <div class='ocr_carea' id='block_1_9' title="bbox 148 2457 1372 3483">
    <p class='ocr_par' dir='ltr' id='par_1_9' title="bbox 148 2457 1372 3483">
     <span class='ocr_line' id='line_1_19' title="bbox 234 2457 1371 2549; baseline 0.005 -27"><span class='ocrx_word' id='word_1_121' title='bbox 234 2461 326 2523; x_wconf 78' lang='lat' dir='ltr'>Pom.</span> <span class='ocrx_word' id='word_1_122' title='bbox 350 2457 412 2521; x_wconf 84' lang='lat'>893</span> <span class='ocrx_word' id='word_1_123' title='bbox 444 2457 493 2521; x_wconf 81' lang='lat' dir='ltr'>A:</span> <span class='ocrx_word' id='word_1_124' title='bbox 516 2457 636 2524; x_wconf 73' lang='lat' dir='ltr'>Facile.</span> <span class='ocrx_word' id='word_1_125' title='bbox 658 2458 667 2544; x_wconf 74' lang='lat' dir='ltr'>ll</span> <span class='ocrx_word' id='word_1_126' title='bbox 686 2459 739 2523; x_wconf 85' lang='lat' dir='ltr'>fac</span> <span class='ocrx_word' id='word_1_127' title='bbox 761 2481 839 2545; x_wconf 90' lang='lat' dir='ltr'>ergo</span> <span class='ocrx_word' id='word_1_128' title='bbox 867 2460 900 2524; x_wconf 90' lang='lat' dir='ltr'>id</span> <span class='ocrx_word' id='word_1_129' title='bbox 923 2461 1038 2537; x_wconf 73' lang='lat' dir='ltr'>,facile‘</span> <span class='ocrx_word' id='word_1_130' title='bbox 1067 2484 1200 2527; x_wconf 88' lang='lat' dir='ltr'>noscam</span> <span class='ocrx_word' id='word_1_131' title='bbox 1228 2485 1303 2549; x_wconf 86' lang='lat' dir='ltr'>ego,</span> <span class='ocrx_word' id='word_1_132' title='bbox 1334 2463 1371 2528; x_wconf 87' lang='lat' dir='ltr'>1&#39;1t</span> 
     </span>
     <span class='ocr_line' id='line_1_20' title="bbox 762 2559 1097 2647; baseline 0.009 -23"><span class='ocrx_word' id='word_1_133' title='bbox 762 2559 819 2625; x_wconf 88' lang='lat' dir='ltr'>ille</span> <span class='ocrx_word' id='word_1_134' title='bbox 842 2562 942 2647; x_wconf 91' lang='lat' dir='ltr'>possit</span> <span class='ocrx_word' id='word_1_135' title='bbox 965 2562 1097 2627; x_wconf 77' lang='lat' dir='ltr'>noscere</span> 
     </span>
     <span class='ocr_line' id='line_1_21' title="bbox 452 2652 1368 2751; baseline 0.003 -24"><span class='ocrx_word' id='word_1_136' title='bbox 452 2662 495 2727; x_wconf 90' lang='lat' dir='ltr'>P:</span> <span class='ocrx_word' id='word_1_137' title='bbox 515 2662 636 2731; x_wconf 73' lang='lat' dir='ltr'>Facile.</span> <span class='ocrx_word' id='word_1_138' title='bbox 648 2663 657 2750; x_wconf 91' lang='lat' dir='ltr'>l</span> <span class='ocrx_word' id='word_1_139' title='bbox 667 2664 721 2749; x_wconf 79' lang='lat' dir='ltr'>fac</span> <span class='ocrx_word' id='word_1_140' title='bbox 732 2685 809 2750; x_wconf 90' lang='lat' dir='ltr'>ergo</span> <span class='ocrx_word' id='word_1_141' title='bbox 820 2664 856 2728; x_wconf 90' lang='lat' dir='ltr'>id</span> <span class='ocrx_word' id='word_1_142' title='bbox 867 2664 982 2741; x_wconf 74' lang='lat' dir='ltr'>,facile‘</span> <span class='ocrx_word' id='word_1_143' title='bbox 995 2687 1137 2742; x_wconf 84' lang='lat' dir='ltr'>noscam,</span> <span class='ocrx_word' id='word_1_144' title='bbox 1149 2652 1252 2733; x_wconf 84' lang='lat' dir='ltr'>utillo</span> <span class='ocrx_word' id='word_1_145' title='bbox 1267 2667 1368 2751; x_wconf 85' lang='lat' dir='ltr'>possit</span> 
     </span>
     <span class='ocr_line' id='line_1_22' title="bbox 758 2769 900 2832; baseline 0 -1"><span class='ocrx_word' id='word_1_146' title='bbox 758 2769 900 2832; x_wconf 76' lang='lat' dir='ltr'>noscere.</span> 
     </span>
     <span class='ocr_line' id='line_1_23' title="bbox 235 2876 1372 2976; baseline 0.002 -27"><span class='ocrx_word' id='word_1_147' title='bbox 235 2888 327 2949; x_wconf 82' lang='lat' dir='ltr'>Poea.</span> <span class='ocrx_word' id='word_1_148' title='bbox 352 2885 415 2951; x_wconf 81' lang='lat'>988</span> <span class='ocrx_word' id='word_1_149' title='bbox 442 2885 493 2949; x_wconf 90' lang='lat' dir='ltr'>A:</span> <span class='ocrx_word' id='word_1_150' title='bbox 516 2884 582 2949; x_wconf 93' lang='lat' dir='ltr'>Pro</span> <span class='ocrx_word' id='word_1_151' title='bbox 605 2885 658 2949; x_wconf 90' lang='lat' dir='ltr'>dei</span> <span class='ocrx_word' id='word_1_152' title='bbox 680 2885 886 2963; x_wconf 77' lang='lat' dir='ltr'>immortales,</span> <span class='ocrx_word' id='word_1_153' title='bbox 910 2876 1060 2971; x_wconf 78' lang='lat' dir='ltr'>plurimei</span> <span class='ocrx_word' id='word_1_154' title='bbox 1086 2887 1180 2976; x_wconf 88' lang='lat' dir='ltr'>[iarn]</span> <span class='ocrx_word' id='word_1_155' title='bbox 1208 2889 1250 2953; x_wconf 89' lang='lat' dir='ltr'>ad</span> <span class='ocrx_word' id='word_1_156' title='bbox 1271 2887 1372 2954; x_wconf 74' lang='lat' dir='ltr'>illum</span> 
     </span>
     <span class='ocr_line' id='line_1_24' title="bbox 538 2987 921 3076; baseline -0.008 -21"><span class='ocrx_word' id='word_1_157' title='bbox 538 3051 540 3055; x_wconf 76' lang='grc'>,</span> <span class='ocrx_word' id='word_1_158' title='bbox 758 2987 921 3076; x_wconf 89' lang='lat' dir='ltr'>mod[um]</span> 
     </span>
     <span class='ocr_line' id='line_1_25' title="bbox 453 3088 1371 3180; baseline 0.002 -26"><span class='ocrx_word' id='word_1_159' title='bbox 453 3088 496 3156; x_wconf 89' lang='lat' dir='ltr'>P:</span> <span class='ocrx_word' id='word_1_160' title='bbox 524 3088 588 3154; x_wconf 93' lang='lat' dir='ltr'>Pro</span> <span class='ocrx_word' id='word_1_161' title='bbox 611 3089 663 3153; x_wconf 90' lang='lat' dir='ltr'>dei</span> <span class='ocrx_word' id='word_1_162' title='bbox 686 3090 896 3168; x_wconf 83' lang='lat' dir='ltr'>immortales,</span> <span class='ocrx_word' id='word_1_163' title='bbox 924 3091 1055 3176; x_wconf 80' lang='lat' dir='ltr'>plurimi</span> <span class='ocrx_word' id='word_1_164' title='bbox 1085 3092 1180 3180; x_wconf 87' lang='lat' dir='ltr'>[iam]</span> <span class='ocrx_word' id='word_1_165' title='bbox 1212 3093 1254 3156; x_wconf 86' lang='lat' dir='ltr'>ad</span> <span class='ocrx_word' id='word_1_166' title='bbox 1285 3093 1371 3159; x_wconf 79' lang='lat' dir='ltr'>hunc</span> 
     </span>
     <span class='ocr_line' id='line_1_26' title="bbox 763 3192 904 3259; baseline 0.014 -3"><span class='ocrx_word' id='word_1_167' title='bbox 763 3192 904 3259; x_wconf 90' lang='lat' dir='ltr'>modum.</span> 
     </span>
     <span class='ocr_line' id='line_1_27' title="bbox 148 3293 1370 3381; baseline 0.002 -23"><span class='ocrx_word' id='word_1_168' title='bbox 148 3297 258 3380; x_wconf 89' lang='lat' dir='ltr'>itaque</span> <span class='ocrx_word' id='word_1_169' title='bbox 288 3293 391 3358; x_wconf 92' lang='lat' dir='ltr'>tribus</span> <span class='ocrx_word' id='word_1_170' title='bbox 415 3293 492 3357; x_wconf 92' lang='lat' dir='ltr'>locis</span> <span class='ocrx_word' id='word_1_171' title='bbox 516 3294 608 3358; x_wconf 87' lang='lat' dir='ltr'>vides</span> <span class='ocrx_word' id='word_1_172' title='bbox 634 3315 654 3356; x_wconf 91' lang='lat' dir='ltr'>a</span> <span class='ocrx_word' id='word_1_173' title='bbox 682 3303 861 3359; x_wconf 86' lang='lat' dir='ltr'>correctore</span> <span class='ocrx_word' id='word_1_174' title='bbox 883 3295 1106 3361; x_wconf 80' lang='lat' dir='ltr'>Palatinarum</span> <span class='ocrx_word' id='word_1_175' title='bbox 1137 3296 1370 3381; x_wconf 85' lang='lat' dir='ltr'>correptionem</span> 
     </span>
     <span class='ocr_line' id='line_1_28' title="bbox 150 3395 1110 3483; baseline 0.002 -23"><span class='ocrx_word' id='word_1_176' title='bbox 150 3398 266 3483; x_wconf 88' lang='lat' dir='ltr'>prioris</span> <span class='ocrx_word' id='word_1_177' title='bbox 289 3395 437 3481; x_wconf 83' lang='lat' dir='ltr'>syllabae</span> <span class='ocrx_word' id='word_1_178' title='bbox 457 3396 545 3460; x_wconf 87' lang='lat' dir='ltr'>vocis</span> <span class='ocrx_word' id='word_1_179' title='bbox 568 3398 619 3460; x_wconf 81' lang='lat' dir='ltr'>ille</span> <span class='ocrx_word' id='word_1_180' title='bbox 641 3397 826 3462; x_wconf 89' lang='lat' dir='ltr'>coniectura</span> <span class='ocrx_word' id='word_1_181' title='bbox 848 3398 1008 3463; x_wconf 87' lang='lat' dir='ltr'>sublatam</span> <span class='ocrx_word' id='word_1_182' title='bbox 1031 3421 1110 3462; x_wconf 89' lang='lat' dir='ltr'>esse.</span> 
     </span>
    </p>
   </div>
   <div class='ocr_carea' id='block_1_10' title="bbox 240 3516 408 3582">
    <p class='ocr_par' dir='ltr' id='par_1_10' title="bbox 240 3516 408 3582">
     <span class='ocr_line' id='line_1_29' title="bbox 240 3516 408 3582; baseline -0.012 0"><span class='ocrx_word' id='word_1_183' title='bbox 240 3518 321 3582; x_wconf 68' lang='lat' dir='ltr'>Trio.</span> <span class='ocrx_word' id='word_1_184' title='bbox 344 3516 408 3581; x_wconf 87' lang='grc'>394</span> 
     </span>
    </p>
   </div>
   <div class='ocr_carea' id='block_1_11' title="bbox 151 3603 1284 3901">
    <p class='ocr_par' dir='ltr' id='par_1_11' title="bbox 151 3603 1284 3901">
     <span class='ocr_line' id='line_1_30' title="bbox 192 3603 1238 3703; baseline -0.001 -19"><span class='ocrx_word' id='word_1_185' title='bbox 192 3620 240 3684; x_wconf 88' lang='grc' dir='ltr'>Α;</span> <span class='ocrx_word' id='word_1_186' title='bbox 271 3619 335 3685; x_wconf 84' lang='lat' dir='ltr'>Sed</span> <span class='ocrx_word' id='word_1_187' title='bbox 358 3603 419 3685; x_wconf 65' lang='lat' dir='ltr'>hoc</span> <span class='ocrx_word' id='word_1_188' title='bbox 441 3639 492 3682; x_wconf 92' lang='lat' dir='ltr'>me</span> <span class='ocrx_word' id='word_1_189' title='bbox 514 3616 613 3681; x_wconf 77' lang='lat' dir='ltr'>tnum</span> <span class='ocrx_word' id='word_1_190' title='bbox 638 3617 822 3682; x_wconf 71' lang='lat' dir='ltr'>consolatur</span> <span class='ocrx_word' id='word_1_191' title='bbox 845 3627 941 3703; x_wconf 89' lang='lat' dir='ltr'>atque</span> <span class='ocrx_word' id='word_1_192' title='bbox 965 3617 1108 3683; x_wconf 77' lang='lat' dir='ltr'>animum</span> <span class='ocrx_word' id='word_1_193' title='bbox 1131 3640 1238 3683; x_wconf 90' lang='lat' dir='ltr'>meum</span> 
     </span>
     <span class='ocr_line' id='line_1_31' title="bbox 193 3719 1230 3824; baseline -0.001 -38"><span class='ocrx_word' id='word_1_194' title='bbox 193 3723 234 3787; x_wconf 94' lang='lat' dir='ltr'>P:</span> <span class='ocrx_word' id='word_1_195' title='bbox 258 3721 323 3788; x_wconf 80' lang='lat' dir='ltr'>sed</span> <span class='ocrx_word' id='word_1_196' title='bbox 345 3721 528 3824; x_wconf 72' lang='lat' dir='ltr'>hocunum</span> <span class='ocrx_word' id='word_1_197' title='bbox 551 3719 731 3784; x_wconf 72' lang='lat' dir='ltr'>consolatur</span> <span class='ocrx_word' id='word_1_198' title='bbox 754 3742 804 3784; x_wconf 91' lang='lat' dir='ltr'>me</span> <span class='ocrx_word' id='word_1_199' title='bbox 827 3729 927 3804; x_wconf 92' lang='lat' dir='ltr'>atque</span> <span class='ocrx_word' id='word_1_200' title='bbox 950 3719 1094 3785; x_wconf 79' lang='lat' dir='ltr'>animum</span> <span class='ocrx_word' id='word_1_201' title='bbox 1116 3742 1230 3785; x_wconf 91' lang='lat' dir='ltr'>meum.</span> 
     </span>
     <span class='ocr_line' id='line_1_32' title="bbox 151 3822 1284 3901; baseline -0.005 -10"><span class='ocrx_word' id='word_1_202' title='bbox 151 3826 190 3891; x_wconf 86' lang='lat' dir='ltr'>cf.</span> <span class='ocrx_word' id='word_1_203' title='bbox 214 3827 297 3889; x_wconf 83' lang='lat' dir='ltr'>Pera.</span> <span class='ocrx_word' id='word_1_204' title='bbox 321 3824 363 3888; x_wconf 81' lang='lat'>32</span> <span class='ocrx_word' id='word_1_205' title='bbox 385 3823 461 3901; x_wconf 85' lang='lat' dir='ltr'>‚Sed</span> <span class='ocrx_word' id='word_1_206' title='bbox 484 3824 546 3889; x_wconf 93' lang='lat' dir='ltr'>hoc</span> <span class='ocrx_word' id='word_1_207' title='bbox 567 3845 618 3887; x_wconf 91' lang='lat' dir='ltr'>me</span> <span class='ocrx_word' id='word_1_208' title='bbox 641 3822 741 3889; x_wconf 75' lang='lat' dir='ltr'>tinum</span> <span class='ocrx_word' id='word_1_209' title='bbox 764 3822 950 3890; x_wconf 58' lang='lat' dir='ltr'>excruciat}</span> <span class='ocrx_word' id='word_1_210' title='bbox 1282 3827 1284 3832; x_wconf 84' lang='lat'>&#39;</span> 
     </span>
    </p>
   </div>
   <div class='ocr_carea' id='block_1_12' title="bbox 151 3924 1371 4540">
    <p class='ocr_par' dir='ltr' id='par_1_12' title="bbox 151 3924 1371 4540">
     <span class='ocr_line' id='line_1_33' title="bbox 240 3924 955 4029; baseline 0 -23"><span class='ocrx_word' id='word_1_211' title='bbox 240 3944 326 4007; x_wconf 68' lang='lat' dir='ltr'>Tmo.</span> <span class='ocrx_word' id='word_1_212' title='bbox 351 3941 413 4006; x_wconf 78' lang='lat'>273</span> <span class='ocrx_word' id='word_1_213' title='bbox 446 3942 495 4006; x_wconf 88' lang='lat' dir='ltr'>A:</span> <span class='ocrx_word' id='word_1_214' title='bbox 520 3941 607 4026; x_wconf 76' lang='lat' dir='ltr'>Quid</span> <span class='ocrx_word' id='word_1_215' title='bbox 629 3924 691 4007; x_wconf 65' lang='lat' dir='ltr'>hirc</span> <span class='ocrx_word' id='word_1_216' title='bbox 714 3942 800 4029; x_wconf 90' lang='lat' dir='ltr'>quod</span> <span class='ocrx_word' id='word_1_217' title='bbox 823 3954 853 4006; x_wconf 90' lang='lat' dir='ltr'>te</span> <span class='ocrx_word' id='word_1_218' title='bbox 875 3963 955 4028; x_wconf 88' lang='lat' dir='ltr'>rogo</span> 
     </span>
     <span class='ocr_line' id='line_1_34' title="bbox 448 4044 879 4130; baseline 0.012 -23"><span class='ocrx_word' id='word_1_219' title='bbox 448 4044 492 4108; x_wconf 91' lang='lat' dir='ltr'>P:</span> <span class='ocrx_word' id='word_1_220' title='bbox 517 4044 604 4129; x_wconf 76' lang='lat' dir='ltr'>Quid</span> <span class='ocrx_word' id='word_1_221' title='bbox 628 4045 715 4128; x_wconf 91' lang='lat' dir='ltr'>quod</span> <span class='ocrx_word' id='word_1_222' title='bbox 738 4055 769 4110; x_wconf 92' lang='lat' dir='ltr'>te</span> <span class='ocrx_word' id='word_1_223' title='bbox 791 4066 879 4130; x_wconf 89' lang='lat' dir='ltr'>rogo.</span> 
     </span>
     <span class='ocr_line' id='line_1_35' title="bbox 151 4143 1371 4227; baseline -0.002 -14"><span class='ocrx_word' id='word_1_224' title='bbox 151 4148 263 4213; x_wconf 88' lang='lat' dir='ltr'>eadem</span> <span class='ocrx_word' id='word_1_225' title='bbox 278 4147 402 4213; x_wconf 89' lang='lat' dir='ltr'>ratione</span> <span class='ocrx_word' id='word_1_226' title='bbox 418 4147 600 4212; x_wconf 90' lang='lat' dir='ltr'>memineris</span> <span class='ocrx_word' id='word_1_227' title='bbox 617 4146 714 4212; x_wconf 89' lang='lat' dir='ltr'>velim</span> <span class='ocrx_word' id='word_1_228' title='bbox 730 4149 763 4211; x_wconf 90' lang='lat' dir='ltr'>in</span> <span class='ocrx_word' id='word_1_229' title='bbox 780 4147 814 4212; x_wconf 87' lang='lat' dir='ltr'>A</span> <span class='ocrx_word' id='word_1_230' title='bbox 829 4148 882 4211; x_wconf 82' lang='lat' dir='ltr'>boc</span> <span class='ocrx_word' id='word_1_231' title='bbox 901 4156 1060 4211; x_wconf 89' lang='lat' dir='ltr'>remotum</span> <span class='ocrx_word' id='word_1_232' title='bbox 1076 4166 1144 4208; x_wconf 89' lang='lat' dir='ltr'>esse</span> <span class='ocrx_word' id='word_1_233' title='bbox 1162 4146 1274 4209; x_wconf 80' lang='lat' dir='ltr'>Pseud.</span> <span class='ocrx_word' id='word_1_234' title='bbox 1293 4143 1371 4227; x_wconf 78' lang='lat'>3153</span> 
     </span>
     <span class='ocr_line' id='line_1_36' title="bbox 152 4250 362 4336; baseline 0.005 -21"><span class='ocrx_word' id='word_1_235' title='bbox 152 4252 192 4315; x_wconf 83' lang='lat' dir='ltr'>cf.</span> <span class='ocrx_word' id='word_1_236' title='bbox 216 4274 291 4336; x_wconf 87' lang='lat' dir='ltr'>pag.</span> <span class='ocrx_word' id='word_1_237' title='bbox 313 4250 362 4316; x_wconf 83' lang='lat'>33.</span> 
     </span>
     <span class='ocr_line' id='line_1_37' title="bbox 237 4350 1371 4438; baseline -0.004 -21"><span class='ocrx_word' id='word_1_238' title='bbox 237 4352 329 4436; x_wconf 75' lang='lat' dir='ltr'>Quae</span> <span class='ocrx_word' id='word_1_239' title='bbox 358 4353 508 4437; x_wconf 86' lang='lat' dir='ltr'>exempla</span> <span class='ocrx_word' id='word_1_240' title='bbox 530 4351 743 4437; x_wconf 86' lang='lat' dir='ltr'>Niemeyerus</span> <span class='ocrx_word' id='word_1_241' title='bbox 771 4362 938 4438; x_wconf 88' lang='lat' dir='ltr'>praeterea</span> <span class='ocrx_word' id='word_1_242' title='bbox 967 4351 1090 4427; x_wconf 88' lang='lat' dir='ltr'>attulit,</span> <span class='ocrx_word' id='word_1_243' title='bbox 1119 4352 1152 4414; x_wconf 93' lang='lat' dir='ltr'>in</span> <span class='ocrx_word' id='word_1_244' title='bbox 1175 4351 1214 4415; x_wconf 91' lang='lat' dir='ltr'>iis</span> <span class='ocrx_word' id='word_1_245' title='bbox 1249 4362 1305 4415; x_wconf 89' lang='lat' dir='ltr'>aut</span> <span class='ocrx_word' id='word_1_246' title='bbox 1326 4350 1371 4414; x_wconf 89' lang='lat' dir='ltr'>in·</span> 
     </span>
     <span class='ocr_line' id='line_1_38' title="bbox 153 4452 1371 4540; baseline -0.002 -20"><span class='ocrx_word' id='word_1_247' title='bbox 153 4466 276 4520; x_wconf 90' lang='lat' dir='ltr'>certum</span> <span class='ocrx_word' id='word_1_248' title='bbox 299 4465 357 4533; x_wconf 88' lang='lat' dir='ltr'>est,</span> <span class='ocrx_word' id='word_1_249' title='bbox 381 4478 458 4519; x_wconf 92' lang='lat' dir='ltr'>num</span> <span class='ocrx_word' id='word_1_250' title='bbox 480 4453 699 4520; x_wconf 88' lang='lat' dir='ltr'>Ambrosiano</span> <span class='ocrx_word' id='word_1_251' title='bbox 721 4453 964 4540; x_wconf 85' lang='lat' dir='ltr'>obsequendum</span> <span class='ocrx_word' id='word_1_252' title='bbox 987 4452 1042 4532; x_wconf 88' lang='lat' dir='ltr'>sit,</span> <span class='ocrx_word' id='word_1_253' title='bbox 1070 4463 1127 4519; x_wconf 88' lang='lat' dir='ltr'>aut</span> <span class='ocrx_word' id='word_1_254' title='bbox 1155 4452 1219 4516; x_wconf 86' lang='lat' dir='ltr'>alia</span> <span class='ocrx_word' id='word_1_255' title='bbox 1242 4472 1371 4538; x_wconf 87' lang='lat' dir='ltr'>corrup·</span> 
     </span>
    </p>
   </div>
   <div class='ocr_carea' id='block_1_13' title="bbox 0 0 1533 5220">
    <p class='ocr_par' dir='ltr' id='par_1_13' title="bbox 0 0 1533 5220">
     <span class='ocr_line' id='line_1_39' title="bbox 0 0 1533 5220; baseline 0 0"><span class='ocrx_word' id='word_1_256' title='bbox 0 0 1533 5220; x_wconf 95' lang='lat' dir='ltr'> </span> 
     </span>
    </p>
   </div>
  </div>
 </body>
</html>
