<?xml version="1.0" encoding="UTF-8"?>
<!DOCTYPE html PUBLIC "-//W3C//DTD XHTML 1.0 Transitional//EN"
    "http://www.w3.org/TR/xhtml1/DTD/xhtml1-transitional.dtd">
<html xmlns="http://www.w3.org/1999/xhtml" xml:lang="en" lang="en">
 <head>
  <title>
</title>
<meta http-equiv="Content-Type" content="text/html;charset=utf-8" />
  <meta name='ocr-system' content='tesseract 3.04.00' />
  <meta name='ocr-capabilities' content='ocr_page ocr_carea ocr_par ocr_line ocrx_word'/>
</head>
<body>
  <div class='ocr_page' id='page_1' title='image "./deplautifabular01baiegoog_0192.png"; bbox 0 0 3038 5220; ppageno 0'>
   <div class='ocr_carea' id='block_1_1' title="bbox 145 440 1408 3001">
    <p class='ocr_par' dir='ltr' id='par_1_1' title="bbox 145 440 1408 3001">
     <span class='ocr_line' id='line_1_1' title="bbox 147 440 1372 534; baseline 0.006 -29"><span class='ocrx_word' id='word_1_1' title='bbox 147 442 271 506; x_wconf 88' lang='lat' dir='ltr'><strong>tiarum</strong></span> <span class='ocrx_word' id='word_1_2' title='bbox 299 442 381 506; x_wconf 90' lang='lat' dir='ltr'><strong>inter</strong></span> <span class='ocrx_word' id='word_1_3' title='bbox 409 445 610 509; x_wconf 79' lang='lat' dir='ltr'><strong>recensiones</strong></span> <span class='ocrx_word' id='word_1_4' title='bbox 640 445 772 510; x_wconf 79' lang='lat' dir='ltr'>extabat</span> <span class='ocrx_word' id='word_1_5' title='bbox 803 447 871 511; x_wconf 93' lang='lat' dir='ltr'><strong>eius</strong></span> <span class='ocrx_word' id='word_1_6' title='bbox 899 447 1044 533; x_wconf 87' lang='lat' dir='ltr'><strong>generis,</strong></span> <span class='ocrx_word' id='word_1_7' title='bbox 1073 461 1108 512; x_wconf 94' lang='lat' dir='ltr'><strong>ut</strong></span> <span class='ocrx_word' id='word_1_8' title='bbox 1131 446 1219 511; x_wconf 86' lang='lat' dir='ltr'><strong>nulla</strong></span> <span class='ocrx_word' id='word_1_9' title='bbox 1242 440 1372 534; x_wconf 86' lang='lat' dir='ltr'><strong>prorsus</strong></span> 
     </span>
     <span class='ocr_line' id='line_1_2' title="bbox 147 545 1375 636; baseline 0.005 -28"><span class='ocrx_word' id='word_1_10' title='bbox 147 566 266 627; x_wconf 90' lang='lat' dir='ltr'><strong>causa,</strong></span> <span class='ocrx_word' id='word_1_11' title='bbox 297 567 354 609; x_wconf 90' lang='lat' dir='ltr'><strong>cur</strong></span> <span class='ocrx_word' id='word_1_12' title='bbox 382 545 483 610; x_wconf 89' lang='lat' dir='ltr'><strong>altera</strong></span> <span class='ocrx_word' id='word_1_13' title='bbox 515 557 587 610; x_wconf 90' lang='lat' dir='ltr'><strong>utra</strong></span> <span class='ocrx_word' id='word_1_14' title='bbox 615 549 775 634; x_wconf 86' lang='lat' dir='ltr'><strong>scriptura</strong></span> <span class='ocrx_word' id='word_1_15' title='bbox 805 559 929 614; x_wconf 88' lang='lat' dir='ltr'><strong>mutata</strong></span> <span class='ocrx_word' id='word_1_16' title='bbox 959 559 1057 626; x_wconf 88' lang='lat' dir='ltr'><strong>esset,</strong></span> <span class='ocrx_word' id='word_1_17' title='bbox 1091 550 1235 635; x_wconf 82' lang='lat' dir='ltr'><strong>conspici</strong></span> <span class='ocrx_word' id='word_1_18' title='bbox 1251 561 1375 636; x_wconf 82' lang='lat' dir='ltr'><strong>posset3</strong></span> 
     </span>
     <span class='ocr_line' id='line_1_3' title="bbox 148 647 1376 738; baseline 0.005 -26"><span class='ocrx_word' id='word_1_19' title='bbox 148 669 235 734; x_wconf 88' lang='lat' dir='ltr'><strong>quas</strong></span> <span class='ocrx_word' id='word_1_20' title='bbox 264 649 292 711; x_wconf 91' lang='lat' dir='ltr'><strong>si</strong></span> <span class='ocrx_word' id='word_1_21' title='bbox 314 647 386 730; x_wconf 91' lang='lat' dir='ltr'><strong>quis</strong></span> <span class='ocrx_word' id='word_1_22' title='bbox 418 647 459 712; x_wconf 92' lang='lat' dir='ltr'><strong>ad</strong></span> <span class='ocrx_word' id='word_1_23' title='bbox 484 651 733 734; x_wconf 87' lang='lat' dir='ltr'><strong>,grammaticos‘</strong></span> <span class='ocrx_word' id='word_1_24' title='bbox 763 651 948 717; x_wconf 74' lang='lat' dir='ltr'><strong>referendas</strong></span> <span class='ocrx_word' id='word_1_25' title='bbox 978 662 1122 730; x_wconf 89' lang='lat' dir='ltr'><strong>censeat,</strong></span> <span class='ocrx_word' id='word_1_26' title='bbox 1151 652 1310 738; x_wconf 82' lang='lat' dir='ltr'><strong>analogiis</strong></span> <span class='ocrx_word' id='word_1_27' title='bbox 1334 674 1376 718; x_wconf 83' lang='lat' dir='ltr'><strong>ex</strong></span> 
     </span>
     <span class='ocr_line' id='line_1_4' title="bbox 145 750 1375 841; baseline 0.003 -26"><span class='ocrx_word' id='word_1_28' title='bbox 145 751 219 816; x_wconf 87' lang='lat' dir='ltr'><strong>lato</strong></span> <span class='ocrx_word' id='word_1_29' title='bbox 247 750 425 817; x_wconf 90' lang='lat' dir='ltr'><strong>litterarum</strong></span> <span class='ocrx_word' id='word_1_30' title='bbox 456 750 646 819; x_wconf 87' lang='lat' dir='ltr'><strong>Latinarum</strong></span> <span class='ocrx_word' id='word_1_31' title='bbox 676 765 707 818; x_wconf 94' lang='lat' dir='ltr'><strong>et</strong></span> <span class='ocrx_word' id='word_1_32' title='bbox 729 753 930 821; x_wconf 85' lang='lat' dir='ltr'><strong>Graecarum</strong></span> <span class='ocrx_word' id='word_1_33' title='bbox 958 776 1073 841; x_wconf 91' lang='lat' dir='ltr'><strong>campo</strong></span> <span class='ocrx_word' id='word_1_34' title='bbox 1098 755 1259 818; x_wconf 83' lang='lat' dir='ltr'><strong>arcessitis</strong></span> <span class='ocrx_word' id='word_1_35' title='bbox 1283 776 1375 819; x_wconf 88' lang='lat' dir='ltr'><strong>suam</strong></span> 
     </span>
     <span class='ocr_line' id='line_1_5' title="bbox 145 855 1373 945; baseline 0.002 -26"><span class='ocrx_word' id='word_1_36' title='bbox 145 855 345 919; x_wconf 87' lang='lat' dir='ltr'><strong>sententiam</strong></span> <span class='ocrx_word' id='word_1_37' title='bbox 367 855 472 920; x_wconf 87' lang='lat' dir='ltr'><strong>firmet</strong></span> <span class='ocrx_word' id='word_1_38' title='bbox 496 855 601 932; x_wconf 85' lang='lat' dir='ltr'><strong>velim,</strong></span> <span class='ocrx_word' id='word_1_39' title='bbox 623 857 684 919; x_wconf 92' lang='lat' dir='ltr'><strong>nisi</strong></span> <span class='ocrx_word' id='word_1_40' title='bbox 709 856 790 921; x_wconf 88' lang='lat' dir='ltr'><strong>forte</strong></span> <span class='ocrx_word' id='word_1_41' title='bbox 812 857 1047 945; x_wconf 85' lang='lat' dir='ltr'><strong>grammaticis,</strong></span> <span class='ocrx_word' id='word_1_42' title='bbox 1070 858 1127 940; x_wconf 92' lang='lat' dir='ltr'><strong>qui</strong></span> <span class='ocrx_word' id='word_1_43' title='bbox 1148 856 1304 922; x_wconf 90' lang='lat' dir='ltr'><strong>Plautum</strong></span> <span class='ocrx_word' id='word_1_44' title='bbox 1326 880 1373 922; x_wconf 88' lang='lat' dir='ltr'><strong>re-</strong></span> 
     </span>
     <span class='ocr_line' id='line_1_6' title="bbox 146 957 1375 1046; baseline 0.002 -24"><span class='ocrx_word' id='word_1_45' title='bbox 146 958 345 1040; x_wconf 80' lang='lat' dir='ltr'><strong>censuerint,</strong></span> <span class='ocrx_word' id='word_1_46' title='bbox 367 957 531 1043; x_wconf 87' lang='lat' dir='ltr'><strong>ingenium</strong></span> <span class='ocrx_word' id='word_1_47' title='bbox 547 981 679 1044; x_wconf 88' lang='lat' dir='ltr'><strong>prorsus</strong></span> <span class='ocrx_word' id='word_1_48' title='bbox 695 959 860 1045; x_wconf 87' lang='lat' dir='ltr'><strong>singulare</strong></span> <span class='ocrx_word' id='word_1_49' title='bbox 877 961 1152 1046; x_wconf 85' lang='lat' dir='ltr'><strong>praecipuumque</strong></span> <span class='ocrx_word' id='word_1_50' title='bbox 1167 960 1250 1023; x_wconf 89' lang='lat' dir='ltr'><strong>inter</strong></span> <span class='ocrx_word' id='word_1_51' title='bbox 1265 980 1375 1025; x_wconf 93' lang='lat' dir='ltr'><strong>omnes</strong></span> 
     </span>
     <span class='ocr_line' id='line_1_7' title="bbox 146 1060 1373 1149; baseline -0.001 -21"><span class='ocrx_word' id='word_1_52' title='bbox 146 1060 247 1145; x_wconf 87' lang='lat' dir='ltr'><strong>quasi</strong></span> <span class='ocrx_word' id='word_1_53' title='bbox 278 1062 438 1127; x_wconf 79' lang='lat' dir='ltr'><strong>servorem</strong></span> <span class='ocrx_word' id='word_1_54' title='bbox 474 1060 619 1126; x_wconf 86' lang='lat' dir='ltr'><strong>mutandi</strong></span> <span class='ocrx_word' id='word_1_55' title='bbox 653 1072 793 1147; x_wconf 88' lang='lat' dir='ltr'><strong>arroget.</strong></span> <span class='ocrx_word' id='word_1_56' title='bbox 836 1062 935 1127; x_wconf 93' lang='lat' dir='ltr'><strong>immo</strong></span> <span class='ocrx_word' id='word_1_57' title='bbox 973 1085 1083 1128; x_wconf 90' lang='lat' dir='ltr'><strong>earum</strong></span> <span class='ocrx_word' id='word_1_58' title='bbox 1123 1061 1266 1127; x_wconf 85' lang='lat' dir='ltr'><strong>maxima</strong></span> <span class='ocrx_word' id='word_1_59' title='bbox 1296 1085 1373 1149; x_wconf 92' lang='lat' dir='ltr'><strong>pars</strong></span> 
     </span>
     <span class='ocr_line' id='line_1_8' title="bbox 149 1164 1374 1247; baseline 0.002 -19"><span class='ocrx_word' id='word_1_60' title='bbox 149 1164 347 1241; x_wconf 88' lang='lat' dir='ltr'><strong>necessario,</strong></span> <span class='ocrx_word' id='word_1_61' title='bbox 371 1164 494 1247; x_wconf 87' lang='lat' dir='ltr'><strong>reliqua</strong></span> <span class='ocrx_word' id='word_1_62' title='bbox 510 1165 677 1230; x_wconf 89' lang='lat' dir='ltr'><strong>commode</strong></span> <span class='ocrx_word' id='word_1_63' title='bbox 693 1166 734 1230; x_wconf 87' lang='lat' dir='ltr'><strong>ad</strong></span> <span class='ocrx_word' id='word_1_64' title='bbox 757 1165 828 1229; x_wconf 93' lang='lat' dir='ltr'><strong>illas</strong></span> <span class='ocrx_word' id='word_1_65' title='bbox 851 1165 1054 1230; x_wconf 88' lang='lat' dir='ltr'><strong>recensiones</strong></span> <span class='ocrx_word' id='word_1_66' title='bbox 1076 1165 1169 1229; x_wconf 88' lang='lat' dir='ltr'><strong>novis</strong></span> <span class='ocrx_word' id='word_1_67' title='bbox 1192 1165 1374 1231; x_wconf 85' lang='lat' dir='ltr'><strong>actionibus</strong></span> 
     </span>
     <span class='ocr_line' id='line_1_9' title="bbox 151 1267 1375 1345; baseline 0.001 -15"><span class='ocrx_word' id='word_1_68' title='bbox 151 1267 333 1332; x_wconf 89' lang='lat' dir='ltr'><strong>destinatas</strong></span> <span class='ocrx_word' id='word_1_69' title='bbox 349 1269 497 1344; x_wconf 86' lang='lat' dir='ltr'><strong>refertur,</strong></span> <span class='ocrx_word' id='word_1_70' title='bbox 519 1268 606 1332; x_wconf 88' lang='lat' dir='ltr'><strong>uude</strong></span> <span class='ocrx_word' id='word_1_71' title='bbox 621 1271 655 1333; x_wconf 92' lang='lat' dir='ltr'><strong>in</strong></span> <span class='ocrx_word' id='word_1_72' title='bbox 671 1269 872 1333; x_wconf 86' lang='lat' dir='ltr'><strong>recensiones</strong></span> <span class='ocrx_word' id='word_1_73' title='bbox 888 1268 984 1333; x_wconf 94' lang='lat' dir='ltr'><strong>modo</strong></span> <span class='ocrx_word' id='word_1_74' title='bbox 1000 1267 1262 1345; x_wconf 83' lang='lat' dir='ltr'><strong>Ambrosianam,</strong></span> <span class='ocrx_word' id='word_1_75' title='bbox 1280 1268 1375 1332; x_wconf 94' lang='lat' dir='ltr'><strong>modo</strong></span> 
     </span>
     <span class='ocr_line' id='line_1_10' title="bbox 147 1369 1375 1458; baseline -0.002 -23"><span class='ocrx_word' id='word_1_76' title='bbox 147 1369 335 1435; x_wconf 86' lang='lat' dir='ltr'><strong>Palatinam</strong></span> <span class='ocrx_word' id='word_1_77' title='bbox 362 1370 566 1438; x_wconf 89' lang='lat' dir='ltr'><strong>transierunt.</strong></span> <span class='ocrx_word' id='word_1_78' title='bbox 603 1372 636 1435; x_wconf 93' lang='lat' dir='ltr'><strong>in</strong></span> <span class='ocrx_word' id='word_1_79' title='bbox 664 1371 821 1437; x_wconf 90' lang='lat' dir='ltr'><strong>eiusmodi</strong></span> <span class='ocrx_word' id='word_1_80' title='bbox 854 1371 1074 1458; x_wconf 86' lang='lat' dir='ltr'><strong>exemplorum</strong></span> <span class='ocrx_word' id='word_1_81' title='bbox 1110 1369 1316 1436; x_wconf 87' lang='lat' dir='ltr'><strong>multitudine</strong></span> <span class='ocrx_word' id='word_1_82' title='bbox 1347 1369 1375 1434; x_wconf 92' lang='lat' dir='ltr'><strong>si</strong></span> 
     </span>
     <span class='ocr_line' id='line_1_11' title="bbox 149 1472 1373 1562; baseline -0.002 -24"><span class='ocrx_word' id='word_1_83' title='bbox 149 1473 227 1562; x_wconf 88' lang='lat' dir='ltr'><strong>quis</strong></span> <span class='ocrx_word' id='word_1_84' title='bbox 249 1496 349 1539; x_wconf 89' lang='lat' dir='ltr'><strong>unum</strong></span> <span class='ocrx_word' id='word_1_85' title='bbox 365 1473 545 1538; x_wconf 86' lang='lat' dir='ltr'><strong>alterumve</strong></span> <span class='ocrx_word' id='word_1_86' title='bbox 560 1484 746 1560; x_wconf 89' lang='lat' dir='ltr'><strong>exemptum</strong></span> <span class='ocrx_word' id='word_1_87' title='bbox 760 1473 1056 1560; x_wconf 86' lang='lat' dir='ltr'><strong>grammaticaeque</strong></span> <span class='ocrx_word' id='word_1_88' title='bbox 1072 1473 1178 1559; x_wconf 92' lang='lat' dir='ltr'><strong>potius</strong></span> <span class='ocrx_word' id='word_1_89' title='bbox 1194 1472 1373 1537; x_wconf 88' lang='lat' dir='ltr'><strong>recensioni</strong></span> 
     </span>
     <span class='ocr_line' id='line_1_12' title="bbox 151 1574 1408 1663; baseline 0 -23"><span class='ocrx_word' id='word_1_90' title='bbox 151 1576 357 1663; x_wconf 88' lang='lat' dir='ltr'><strong>assignatum</strong></span> <span class='ocrx_word' id='word_1_91' title='bbox 382 1577 462 1657; x_wconf 86' lang='lat' dir='ltr'><strong>vult,</strong></span> <span class='ocrx_word' id='word_1_92' title='bbox 486 1577 617 1640; x_wconf 91' lang='lat' dir='ltr'><strong>minime</strong></span> <span class='ocrx_word' id='word_1_93' title='bbox 639 1575 853 1641; x_wconf 90' lang='lat' dir='ltr'><strong>adversabor:</strong></span> <span class='ocrx_word' id='word_1_94' title='bbox 884 1576 923 1640; x_wconf 90' lang='lat' dir='ltr'><strong>de</strong></span> <span class='ocrx_word' id='word_1_95' title='bbox 946 1576 1046 1661; x_wconf 91' lang='lat' dir='ltr'><strong>ipsius</strong></span> <span class='ocrx_word' id='word_1_96' title='bbox 1075 1574 1147 1641; x_wconf 86' lang='lat' dir='ltr'><strong>viae</strong></span> <span class='ocrx_word' id='word_1_97' title='bbox 1170 1597 1208 1640; x_wconf 89' lang='lat' dir='ltr'><strong>ao</strong></span> <span class='ocrx_word' id='word_1_98' title='bbox 1230 1574 1373 1654; x_wconf 90' lang='lat' dir='ltr'><strong>rationis,</strong></span> <span class='ocrx_word' id='word_1_99' title='bbox 1406 1600 1408 1604; x_wconf 92' lang='lat'>·</span> 
     </span>
     <span class='ocr_line' id='line_1_13' title="bbox 148 1677 1374 1766; baseline 0 -23"><span class='ocrx_word' id='word_1_100' title='bbox 148 1701 251 1765; x_wconf 91' lang='lat' dir='ltr'><strong>quam</strong></span> <span class='ocrx_word' id='word_1_101' title='bbox 267 1692 492 1756; x_wconf 69' lang='lat' dir='ltr'><strong>montuosum,</strong></span> <span class='ocrx_word' id='word_1_102' title='bbox 516 1680 649 1744; x_wconf 90' lang='lat' dir='ltr'><strong>veritate</strong></span> <span class='ocrx_word' id='word_1_103' title='bbox 666 1679 773 1744; x_wconf 90' lang='lat' dir='ltr'><strong>nullus</strong></span> <span class='ocrx_word' id='word_1_104' title='bbox 793 1677 912 1745; x_wconf 90' lang='lat' dir='ltr'><strong>dubito.</strong></span> <span class='ocrx_word' id='word_1_105' title='bbox 946 1688 1083 1766; x_wconf 89' lang='lat' dir='ltr'><strong>utraque</strong></span> <span class='ocrx_word' id='word_1_106' title='bbox 1106 1687 1214 1743; x_wconf 91' lang='lat' dir='ltr'><strong>autem</strong></span> <span class='ocrx_word' id='word_1_107' title='bbox 1229 1679 1374 1743; x_wconf 87' lang='lat' dir='ltr'><strong>recensio</strong></span> 
     </span>
     <span class='ocr_line' id='line_1_14' title="bbox 149 1779 1376 1868; baseline -0.001 -22"><span class='ocrx_word' id='word_1_108' title='bbox 149 1803 227 1846; x_wconf 87' lang='lat' dir='ltr'><strong>cum</strong></span> <span class='ocrx_word' id='word_1_109' title='bbox 250 1804 290 1846; x_wconf 87' lang='lat' dir='ltr'><strong>ex</strong></span> <span class='ocrx_word' id='word_1_110' title='bbox 313 1780 377 1845; x_wconf 88' lang='lat' dir='ltr'><strong>illis</strong></span> <span class='ocrx_word' id='word_1_111' title='bbox 399 1779 540 1846; x_wconf 85' lang='lat' dir='ltr'><strong>fontibus</strong></span> <span class='ocrx_word' id='word_1_112' title='bbox 564 1792 707 1847; x_wconf 90' lang='lat' dir='ltr'><strong>correcta</strong></span> <span class='ocrx_word' id='word_1_113' title='bbox 730 1781 784 1864; x_wconf 89' lang='lat' dir='ltr'><strong>sit,</strong></span> <span class='ocrx_word' id='word_1_114' title='bbox 814 1781 848 1845; x_wconf 90' lang='lat' dir='ltr'><strong>in</strong></span> <span class='ocrx_word' id='word_1_115' title='bbox 870 1781 966 1846; x_wconf 92' lang='lat' dir='ltr'><strong>huius</strong></span> <span class='ocrx_word' id='word_1_116' title='bbox 993 1781 1123 1868; x_wconf 89' lang='lat' dir='ltr'><strong>generis</strong></span> <span class='ocrx_word' id='word_1_117' title='bbox 1150 1780 1376 1867; x_wconf 89' lang='lat' dir='ltr'><strong>discrepantiis</strong></span> 
     </span>
     <span class='ocr_line' id='line_1_15' title="bbox 148 1883 1376 1971; baseline -0.001 -22"><span class='ocrx_word' id='word_1_118' title='bbox 148 1896 228 1949; x_wconf 88' lang='lat' dir='ltr'><strong>utra</strong></span> <span class='ocrx_word' id='word_1_119' title='bbox 251 1883 380 1971; x_wconf 87' lang='lat' dir='ltr'><strong>saepius</strong></span> <span class='ocrx_word' id='word_1_120' title='bbox 404 1883 595 1969; x_wconf 89' lang='lat' dir='ltr'><strong>scripturam</strong></span> <span class='ocrx_word' id='word_1_121' title='bbox 623 1883 809 1950; x_wconf 89' lang='lat' dir='ltr'><strong>Plautinam</strong></span> <span class='ocrx_word' id='word_1_122' title='bbox 836 1884 1014 1948; x_wconf 85' lang='lat' dir='ltr'><strong>servaverit</strong></span> <span class='ocrx_word' id='word_1_123' title='bbox 1041 1905 1209 1948; x_wconf 90' lang='lat' dir='ltr'><strong>numerare</strong></span> <span class='ocrx_word' id='word_1_124' title='bbox 1237 1893 1273 1950; x_wconf 93' lang='lat' dir='ltr'><strong>ut</strong></span> <span class='ocrx_word' id='word_1_125' title='bbox 1294 1885 1376 1971; x_wconf 90' lang='lat' dir='ltr'><strong>peri-</strong></span> 
     </span>
     <span class='ocr_line' id='line_1_16' title="bbox 149 1985 1374 2073; baseline -0.002 -20"><span class='ocrx_word' id='word_1_126' title='bbox 149 1987 298 2053; x_wconf 91' lang='lat' dir='ltr'><strong>culosum</strong></span> <span class='ocrx_word' id='word_1_127' title='bbox 326 1986 371 2050; x_wconf 88' lang='lat' dir='ltr'><strong>ita</strong></span> <span class='ocrx_word' id='word_1_128' title='bbox 399 1987 537 2051; x_wconf 92' lang='lat' dir='ltr'><strong>otiosum</strong></span> <span class='ocrx_word' id='word_1_129' title='bbox 561 1998 618 2051; x_wconf 90' lang='lat' dir='ltr'><strong>est.</strong></span> <span class='ocrx_word' id='word_1_130' title='bbox 662 2011 738 2051; x_wconf 89' lang='lat' dir='ltr'><strong>nam</strong></span> <span class='ocrx_word' id='word_1_131' title='bbox 766 2009 806 2052; x_wconf 91' lang='lat' dir='ltr'><strong>ne</strong></span> <span class='ocrx_word' id='word_1_132' title='bbox 833 2008 968 2072; x_wconf 89' lang='lat' dir='ltr'><strong>urgeam</strong></span> <span class='ocrx_word' id='word_1_133' title='bbox 1007 1985 1094 2073; x_wconf 92' lang='lat' dir='ltr'><strong>quod</strong></span> <span class='ocrx_word' id='word_1_134' title='bbox 1130 1986 1286 2051; x_wconf 91' lang='lat' dir='ltr'><strong>iudicium</strong></span> <span class='ocrx_word' id='word_1_135' title='bbox 1324 1996 1374 2051; x_wconf 92' lang='lat' dir='ltr'><strong>sat</strong></span> 
     </span>
     <span class='ocr_line' id='line_1_17' title="bbox 150 2087 1374 2176; baseline -0.001 -21"><span class='ocrx_word' id='word_1_136' title='bbox 150 2089 260 2155; x_wconf 92' lang='lat' dir='ltr'><strong>multis</strong></span> <span class='ocrx_word' id='word_1_137' title='bbox 293 2090 371 2154; x_wconf 93' lang='lat' dir='ltr'><strong>locis</strong></span> <span class='ocrx_word' id='word_1_138' title='bbox 404 2110 535 2176; x_wconf 90' lang='lat' dir='ltr'><strong>prorsus</strong></span> <span class='ocrx_word' id='word_1_139' title='bbox 570 2090 695 2155; x_wconf 92' lang='lat' dir='ltr'><strong>nullum</strong></span> <span class='ocrx_word' id='word_1_140' title='bbox 722 2089 791 2154; x_wconf 87' lang='lat' dir='ltr'><strong>fieri</strong></span> <span class='ocrx_word' id='word_1_141' title='bbox 824 2099 930 2176; x_wconf 87' lang='lat' dir='ltr'><strong>potest</strong></span> <span class='ocrx_word' id='word_1_142' title='bbox 963 2087 1004 2153; x_wconf 92' lang='lat' dir='ltr'><strong>ob</strong></span> <span class='ocrx_word' id='word_1_143' title='bbox 1033 2111 1172 2174; x_wconf 88' lang='lat' dir='ltr'><strong>aequam</strong></span> <span class='ocrx_word' id='word_1_144' title='bbox 1198 2089 1374 2155; x_wconf 92' lang='lat' dir='ltr'><strong>lectionum</strong></span> 
     </span>
     <span class='ocr_line' id='line_1_18' title="bbox 150 2192 1376 2279; baseline 0.002 -22"><span class='ocrx_word' id='word_1_145' title='bbox 150 2193 404 2279; x_wconf 89' lang='lat' dir='ltr'><strong>praestantiam,</strong></span> <span class='ocrx_word' id='word_1_146' title='bbox 435 2193 541 2271; x_wconf 92' lang='lat' dir='ltr'><strong>casui,</strong></span> <span class='ocrx_word' id='word_1_147' title='bbox 569 2215 632 2257; x_wconf 90' lang='lat' dir='ltr'><strong>non</strong></span> <span class='ocrx_word' id='word_1_148' title='bbox 655 2193 771 2257; x_wconf 88' lang='lat' dir='ltr'><strong>rationi</strong></span> <span class='ocrx_word' id='word_1_149' title='bbox 798 2192 978 2257; x_wconf 88' lang='lat' dir='ltr'><strong>subiectam</strong></span> <span class='ocrx_word' id='word_1_150' title='bbox 1008 2214 1078 2257; x_wconf 92' lang='lat' dir='ltr'><strong>esse</strong></span> <span class='ocrx_word' id='word_1_151' title='bbox 1100 2192 1184 2257; x_wconf 89' lang='lat' dir='ltr'><strong>hanc</strong></span> <span class='ocrx_word' id='word_1_152' title='bbox 1213 2202 1376 2279; x_wconf 85' lang='lat' dir='ltr'><strong>eomputa-</strong></span> 
     </span>
     <span class='ocr_line' id='line_1_19' title="bbox 150 2294 1376 2383; baseline 0 -23"><span class='ocrx_word' id='word_1_153' title='bbox 150 2296 272 2361; x_wconf 91' lang='lat' dir='ltr'><strong>tionem</strong></span> <span class='ocrx_word' id='word_1_154' title='bbox 295 2294 448 2359; x_wconf 82' lang='lat' dir='ltr'><strong>dixerim:</strong></span> <span class='ocrx_word' id='word_1_155' title='bbox 473 2296 545 2383; x_wconf 92' lang='lat' dir='ltr'><strong>quis</strong></span> <span class='ocrx_word' id='word_1_156' title='bbox 568 2295 653 2359; x_wconf 91' lang='lat' dir='ltr'><strong>enim</strong></span> <span class='ocrx_word' id='word_1_157' title='bbox 676 2296 841 2382; x_wconf 86' lang='lat' dir='ltr'><strong>negaverit</strong></span> <span class='ocrx_word' id='word_1_158' title='bbox 864 2295 934 2359; x_wconf 87' lang='lat' dir='ltr'><strong>fieri</strong></span> <span class='ocrx_word' id='word_1_159' title='bbox 956 2317 1061 2381; x_wconf 91' lang='lat' dir='ltr'><strong>posse,</strong></span> <span class='ocrx_word' id='word_1_160' title='bbox 1085 2305 1120 2360; x_wconf 93' lang='lat' dir='ltr'><strong>ut</strong></span> <span class='ocrx_word' id='word_1_161' title='bbox 1142 2295 1304 2360; x_wconf 90' lang='lat' dir='ltr'><strong>interdum</strong></span> <span class='ocrx_word' id='word_1_162' title='bbox 1326 2317 1376 2360; x_wconf 87' lang='lat' dir='ltr'><strong>eo·</strong></span> 
     </span>
     <span class='ocr_line' id='line_1_20' title="bbox 150 2386 1373 2484; baseline 0 -22"><span class='ocrx_word' id='word_1_163' title='bbox 150 2397 227 2463; x_wconf 91' lang='lat' dir='ltr'><strong>dem</strong></span> <span class='ocrx_word' id='word_1_164' title='bbox 242 2400 314 2464; x_wconf 93' lang='lat' dir='ltr'><strong>loco</strong></span> <span class='ocrx_word' id='word_1_165' title='bbox 335 2398 502 2483; x_wconf 89' lang='lat' dir='ltr'><strong>utriusque</strong></span> <span class='ocrx_word' id='word_1_166' title='bbox 518 2398 712 2463; x_wconf 89' lang='lat' dir='ltr'><strong>recensionis</strong></span> <span class='ocrx_word' id='word_1_167' title='bbox 735 2386 913 2484; x_wconf 85' lang='lat' dir='ltr'><strong>scripturae</strong></span> <span class='ocrx_word' id='word_1_168' title='bbox 929 2421 970 2463; x_wconf 87' lang='lat' dir='ltr'><strong>ex</strong></span> <span class='ocrx_word' id='word_1_169' title='bbox 992 2398 1182 2463; x_wconf 89' lang='lat' dir='ltr'><strong>illiusmodi</strong></span> <span class='ocrx_word' id='word_1_170' title='bbox 1205 2397 1373 2462; x_wconf 88' lang='lat' dir='ltr'><strong>codicibus</strong></span> 
     </span>
     <span class='ocr_line' id='line_1_21' title="bbox 149 2500 1375 2588; baseline 0 -22"><span class='ocrx_word' id='word_1_171' title='bbox 149 2501 341 2588; x_wconf 87' lang='lat' dir='ltr'><strong>desumptae</strong></span> <span class='ocrx_word' id='word_1_172' title='bbox 357 2501 420 2565; x_wconf 92' lang='lat' dir='ltr'><strong>sint</strong></span> <span class='ocrx_word' id='word_1_173' title='bbox 443 2511 539 2584; x_wconf 89' lang='lat' dir='ltr'><strong>atque</strong></span> <span class='ocrx_word' id='word_1_174' title='bbox 562 2500 643 2565; x_wconf 89' lang='lat' dir='ltr'><strong>adeo</strong></span> <span class='ocrx_word' id='word_1_175' title='bbox 666 2511 702 2567; x_wconf 93' lang='lat' dir='ltr'><strong>ut</strong></span> <span class='ocrx_word' id='word_1_176' title='bbox 724 2502 915 2585; x_wconf 82' lang='lat' dir='ltr'><strong>exquisitior</strong></span> <span class='ocrx_word' id='word_1_177' title='bbox 937 2501 1095 2587; x_wconf 88' lang='lat' dir='ltr'><strong>scriptura</strong></span> <span class='ocrx_word' id='word_1_178' title='bbox 1119 2501 1277 2577; x_wconf 89' lang='lat' dir='ltr'><strong>histrioni,</strong></span> <span class='ocrx_word' id='word_1_179' title='bbox 1300 2501 1375 2566; x_wconf 90' lang='lat' dir='ltr'><strong>sim·</strong></span> 
     </span>
     <span class='ocr_line' id='line_1_22' title="bbox 151 2602 1375 2691; baseline -0.001 -23"><span class='ocrx_word' id='word_1_180' title='bbox 151 2604 269 2690; x_wconf 91' lang='lat' dir='ltr'><strong>plicior</strong></span> <span class='ocrx_word' id='word_1_181' title='bbox 291 2603 409 2668; x_wconf 90' lang='lat' dir='ltr'><strong>Plauto</strong></span> <span class='ocrx_word' id='word_1_182' title='bbox 432 2602 612 2669; x_wconf 80' lang='lat' dir='ltr'><strong>debeatur?</strong></span> <span class='ocrx_word' id='word_1_183' title='bbox 635 2626 745 2669; x_wconf 93' lang='lat' dir='ltr'><strong>omnes</strong></span> <span class='ocrx_word' id='word_1_184' title='bbox 767 2605 867 2691; x_wconf 88' lang='lat' dir='ltr'><strong>igitur</strong></span> <span class='ocrx_word' id='word_1_185' title='bbox 888 2605 985 2683; x_wconf 87' lang='lat' dir='ltr'><strong>locos,</strong></span> <span class='ocrx_word' id='word_1_186' title='bbox 1014 2612 1093 2689; x_wconf 91' lang='lat' dir='ltr'><strong>quot</strong></span> <span class='ocrx_word' id='word_1_187' title='bbox 1115 2603 1246 2691; x_wconf 89' lang='lat' dir='ltr'><strong>quidem</strong></span> <span class='ocrx_word' id='word_1_188' title='bbox 1266 2625 1375 2668; x_wconf 89' lang='lat' dir='ltr'><strong>recen·</strong></span> 
     </span>
     <span class='ocr_line' id='line_1_23' title="bbox 151 2705 1376 2793; baseline 0 -21"><span class='ocrx_word' id='word_1_189' title='bbox 151 2706 235 2772; x_wconf 90' lang='lat' dir='ltr'><strong>sioni</strong></span> <span class='ocrx_word' id='word_1_190' title='bbox 258 2707 424 2772; x_wconf 87' lang='lat' dir='ltr'><strong>scaenicae</strong></span> <span class='ocrx_word' id='word_1_191' title='bbox 447 2705 677 2772; x_wconf 87' lang='lat' dir='ltr'><strong>adscribendos</strong></span> <span class='ocrx_word' id='word_1_192' title='bbox 700 2729 769 2772; x_wconf 89' lang='lat' dir='ltr'><strong>esse</strong></span> <span class='ocrx_word' id='word_1_193' title='bbox 792 2717 914 2773; x_wconf 89' lang='lat' dir='ltr'><strong>certum</strong></span> <span class='ocrx_word' id='word_1_194' title='bbox 931 2718 989 2787; x_wconf 92' lang='lat' dir='ltr'><strong>est,</strong></span> <span class='ocrx_word' id='word_1_195' title='bbox 1012 2708 1039 2772; x_wconf 92' lang='lat' dir='ltr'><strong>si</strong></span> <span class='ocrx_word' id='word_1_196' title='bbox 1061 2708 1134 2793; x_wconf 91' lang='lat' dir='ltr'><strong>quis</strong></span> <span class='ocrx_word' id='word_1_197' title='bbox 1157 2707 1198 2772; x_wconf 91' lang='lat' dir='ltr'><strong>de</strong></span> <span class='ocrx_word' id='word_1_198' title='bbox 1219 2709 1376 2773; x_wconf 88' lang='lat' dir='ltr'><strong>recensio·</strong></span> 
     </span>
     <span class='ocr_line' id='line_1_24' title="bbox 151 2809 1374 2897; baseline 0.001 -21"><span class='ocrx_word' id='word_1_199' title='bbox 151 2833 231 2876; x_wconf 90' lang='lat' dir='ltr'><strong>num</strong></span> <span class='ocrx_word' id='word_1_200' title='bbox 264 2811 455 2876; x_wconf 88' lang='lat' dir='ltr'><strong>auctoritate</strong></span> <span class='ocrx_word' id='word_1_201' title='bbox 482 2812 644 2897; x_wconf 85' lang='lat' dir='ltr'><strong>integrum</strong></span> <span class='ocrx_word' id='word_1_202' title='bbox 672 2810 828 2877; x_wconf 87' lang='lat' dir='ltr'><strong>iudicium</strong></span> <span class='ocrx_word' id='word_1_203' title='bbox 855 2810 999 2876; x_wconf 86' lang='lat' dir='ltr'><strong>facturus</strong></span> <span class='ocrx_word' id='word_1_204' title='bbox 1027 2820 1091 2889; x_wconf 91' lang='lat' dir='ltr'><strong>est,</strong></span> <span class='ocrx_word' id='word_1_205' title='bbox 1125 2833 1189 2875; x_wconf 93' lang='lat' dir='ltr'><strong>non</strong></span> <span class='ocrx_word' id='word_1_206' title='bbox 1226 2809 1374 2877; x_wconf 86' lang='lat' dir='ltr'><strong>adhiberi</strong></span> 
     </span>
     <span class='ocr_line' id='line_1_25' title="bbox 149 2923 294 3001; baseline -0.007 -23"><span class='ocrx_word' id='word_1_207' title='bbox 149 2936 213 3001; x_wconf 87' lang='lat' dir='ltr'><strong>par</strong></span> <span class='ocrx_word' id='word_1_208' title='bbox 235 2923 294 2979; x_wconf 89' lang='lat' dir='ltr'><strong>est.</strong></span> 
     </span>
    </p>
   </div>
   <div class='ocr_carea' id='block_1_2' title="bbox 0 0 1524 5220">
    <p class='ocr_par' dir='ltr' id='par_1_2' title="bbox 0 0 1524 5220">
     <span class='ocr_line' id='line_1_26' title="bbox 0 0 1524 5220; baseline 0 0"><span class='ocrx_word' id='word_1_209' title='bbox 0 0 1524 5220; x_wconf 95' lang='lat' dir='ltr'><strong> </strong></span> 
     </span>
    </p>
   </div>
  </div>
 </body>
</html>
