3038 5220
743 203 784 269 37

663 294 865 305 -—..-...-..

241 405 478 471 Ambrosianus
501 407 662 493 duplicem
686 411 905 476 recensionem
928 422 1081 500 expertus
1096 423 1159 478 est:
1184 436 1219 478 co
1241 425 1373 502 propter

156 530 339 573 mensuram
368 511 675 575 antiochenarum
703 513 850 590 eiectum,
873 523 904 578 et
927 512 1033 580 hiatus
1063 517 1220 580 sententia
1248 527 1281 581 et
1302 540 1372 602 pro·

154 611 325 675 nuntiandi
362 634 465 697 pausa
503 625 675 678 excusatus
713 614 858 683 sublatus
895 628 942 680 est
981 617 1101 683 inserto
1139 631 1241 705 utque,
1285 621 1371 704 quod

153 713 312 779 immerito
334 714 494 799 placuisse
515 714 709 802 Niemeyero
731 728 762 782 et
785 717 921 785 Goetzio
940 718 1159 785 demonstrant
1172 721 1263 786 Stieb.
1271 746 1301 786 v.
1309 721 1371 787 437

237 816 310 880 Iam
332 817 440 882 hercle
462 817 522 905 ego
545 841 603 904 per
624 820 751 885 hortum
775 822 816 885 ad
839 822 976 886 amicam
998 822 1141 888 transibd
1163 847 1267 889 meam

237 917 283 982 Mi
306 918 390 984 hene
412 920 604 1005 dceupatum
627 925 792 988 noctemz
815 923 947 990 eadem
971 924 1149 991 sdmbolam

238 1019 332 1086 Dabo
355 1025 387 1086 et
408 1022 527 1090 iubebo
549 1047 576 1089 e.
601 1048 632 1110 q.
655 1049 680 1091 s.

153 1125 236 1186 Pera.
258 1124 331 1191 444.
352 1124 417 1190 445

238 1225 291 1289 abi
314 1226 394 1292 istac
416 1229 459 1293 ad
480 1230 602 1296 forum:
629 1230 753 1296 Eadem
781 1231 879 1296 facito
909 1231 1024 1296 mulier
1045 1242 1188 1297 transeat
1210 1256 1238 1298 e.
1261 1257 1291 1320 q.
1314 1236 1369 1318 s.¹)

153 1327 256 1393 simile
279 1330 463 1416 exemplum
487 1343 535 1397 est
555 1334 649 1397 Mero.
665 1333 739 1412 309,
762 1333 818 1400 ubi
840 1354 904 1397 non
928 1355 1001 1398 cum
1025 1333 1201 1400 Ritschelio
1223 1334 1370 1402 Goetzio·

153 1452 216 1513 que
239 1432 269 1494 A
292 1432 491 1516 sequendum
514 1433 667 1500 arbitror:

235 1533 284 1598 A:
307 1534 370 1601 Vel
392 1544 428 1600 ut
450 1535 533 1600 scias
556 1559 607 1600 mc
629 1559 748 1615 amare,
772 1558 852 1626 cape
876 1539 1014 1606 cultrum
1037 1561 1079 1605 ac
1101 1560 1175 1604 seca

304 1635 452 1724 Digitum

240 1737 281 1803 P:
306 1739 368 1807 Vel
390 1751 426 1805 ut
448 1741 531 1808 scias
554 1766 606 1810 me
629 1767 748 1824 amare,
771 1767 850 1831 cape
876 1745 1024 1824 cultrum,
1047 1766 1122 1810 seca

304 1841 464 1928 Digitum.

152 1966 188 2006 ac
209 1966 229 2006 a
250 1945 460 2029 grammatico
482 1945 577 2012 facile
599 1947 697 2012 inseri
719 1948 833 2033 potuit,
850 1971 914 2033 qua
936 1951 1060 2014 ratione
1082 1949 1223 2014 deletum
1239 1949 1288 2032 sit,
1313 1948 1369 2013 vix

150 2045 320 2129 quisquam
361 2046 518 2132 inveniat3
567 2050 716 2115 convenit
753 2061 862 2116 autem
906 2053 1042 2116 orationi
1087 2052 1236 2116 vividiori
1271 2073 1369 2135 quam

150 2149 291 2212 maxime
312 2150 431 2213 omissa
453 2151 643 2220 coniunctio.

192 2252 284 2314 Poen.
307 2252 370 2315 695

234 2353 361 2439 Edepol
383 2376 424 2419 ne
446 2354 505 2420 tibi
528 2355 605 2421 illud
629 2379 759 2442 possum
780 2357 931 2424 festivom
954 2358 1041 2437 dare,

234 2454 269 2521 Si
293 2456 424 2541 quidem
446 2469 536 2544 potes
558 2459 626 2544 pati
649 2481 719 2523 esse
742 2470 772 2525 te
795 2460 828 2524 in
850 2460 959 2547 lepido
980 2460 1061 2543 loco,

234 2558 274 2624 In
295 2559 379 2624 lecto
401 2560 509 2646 lepide
531 2571 657 2627 strato
680 2562 850 2648 lepidam
874 2564 1079 2631 mulierem

234 2661 447 2748 Oomplexum
469 2674 677 2731 contrectare.
1093 2755 1096 2760 Ι

150 2765 197 2829 sic
217 2765 262 2843 P;
283 2765 317 2829 A
341 2776 448 2833 autem
472 2768 555 2832 male
576 2768 674 2834 habet
694 2781 798 2843 atrato,
821 2781 848 2833 et
870 2769 1005 2856 lepidam
1027 2769 1188 2832 mulierem.

235 2867 298 2934 His
321 2879 428 2935 autem
452 2869 555 2937 tribus
579 2871 657 2937 loeis
680 2872 720 2936 ab
744 2870 892 2936 omnibus
920 2864 1027 2936 adhuc
1051 2869 1226 2936 editoribus
1248 2870 1367 2935 Polati-

150 2991 264 3036 norum
284 2971 443 3059 scriptura
459 2984 567 3061 spreta
584 2986 641 3054 est,
665 2976 756 3060 quasi
773 2974 939 3059 asyndetis
961 2970 1165 3062 grammatici
1179 2973 1285 3059 gavisi
1306 2973 1368 3037 sint

149 3073 270 3158 potius,
286 3096 383 3158 quam
402 3097 512 3141 eorum
528 3076 740 3143 tollendorum
755 3076 873 3143 fuerint
890 3078 1038 3156 studiosi3
1062 3062 1099 3142 ac
1114 3099 1218 3163 paene
1233 3075 1367 3153 mireris,

148 3174 234 3240 viros
257 3175 368 3242 doctos
390 3180 483 3243 Mero.
506 3178 570 3244 397

234 3278 377 3370 Lignum
401 3282 530 3361 caedat,
551 3305 687 3371 pensum
709 3282 822 3362 faciat,
845 3283 934 3347 aedis
956 3295 1080 3361 verrat,
1102 3281 1235 3371 vapulet

148 3391 235 3448 reete
257 3383 477 3451 Palatinorum
496 3386 689 3471 scripturam
702 3385 892 3471 praetulisse
904 3384 1003 3450 Nonii
1020 3384 1199 3451 testimonio
1215 3395 1315 3448 corrot
1332 3407 1367 3446 ae

146 3487 274 3572 copulet.

194 3588 279 3652 Tarte.
303 3588 367 3653 259

233 3690 281 3756 A:
304 3690 411 3759 Salve.
428 3693 436 3778 ll
448 3701 499 3756 sat
513 3690 593 3756 mihi
609 3692 692 3776 estt)
709 3703 781 3756 tuae
796 3690 926 3755 salutis:
943 3689 989 3753 nil
1005 3711 1128 3755 moror:
1146 3701 1206 3755 sat
1220 3690 1367 3759 salveo.

233 3790 276 3856 P:
299 3792 407 3860 Salve.
426 3795 434 3880 ll
447 3793 524 3857 satis
540 3791 619 3858 mihi
631 3805 678 3857 est
689 3804 763 3857 tuae
777 3793 904 3858 salutis:
921 3793 966 3858 nil
978 3814 1100 3858 moror:
1116 3814 1190 3857 non
1205 3793 1366 3858 salveo?

148 3895 338 3981 priusquam
362 3896 402 3961 de
424 3896 486 3961 loci
509 3895 704 3962 correctione
723 3897 943 3981 quaestionem
965 3896 1180 3972 instituamus,
1203 3917 1284 3980 opus
1307 3895 1367 3958 erit

153 3997 296 4064 virorum
340 4000 506 4065 doctorum
545 3997 744 4063 coniecturas
782 3999 858 4064 huic
895 3999 1004 4064 versui
1045 3999 1152 4063 illatas
1189 4018 1364 4063 recensere.

236 4171 256 4239 ¹)
272 4169 308 4225 In
325 4171 506 4225 Ambrosiam
529 4186 610 4224 usum
633 4169 989 4224 commaculetur:
1013 4185 1133 4238 propero
1155 4179 1232 4237 atque
1253 4177 1366 4221 actutum

148 4258 205 4309 redi
223 4256 258 4320 A,
284 4272 404 4326 propere
428 4264 541 4309 actutum
571 4256 629 4308 redi
653 4253 691 4320 Ρ,·
719 4254 773 4308 hoe
796 4254 871 4309 enim
895 4254 955 4308 loeo
974 4262 1050 4323 etque
1067 4255 1131 4306 ante
1150 4261 1264 4306 actutum
1281 4252 1366 4306 inter-

146 4343 258 4409 ceptum
276 4343 326 4394 est.

144 4455 147 4460 ·
233 4423 430 4495 2)Scl10ellius
444 4425 536 4496 praef.
558 4424 637 4486 Tmo.
654 4440 681 4492 p.
700 4422 776 4480 XIII
794 4425 857 4480 adn.
