3038 5220
746 231 949 347 jae—

235 460 402 537 potantem
424 449 555 515 domum
576 449 743 514 reducant.
788 449 905 514 ostium
927 450 1027 537 igitur
1048 449 1187 534 aedium,
1210 449 1244 513 in
1267 443 1390 536 quibus
1411 465 1463 513 ne-

235 553 355 618 minem
378 553 526 617 habitere
548 551 669 617 Tranio
689 551 909 638 Theopropidi
925 551 1062 629 dixerat,
1084 551 1213 636 pultant
1233 550 1461 616 exclamantes

308 655 472 721 'Etiamne
493 655 622 740 aperie?
644 654 852 721 Callidamati
875 665 984 720 nostro
1007 655 1180 720 advorsum
1203 654 1364 719 venimus.

238 780 302 845 qua
324 779 358 823 re
380 757 514 822 miratus
537 756 782 844 Theopropides
804 757 983 842 interrogat

321 858 414 924 Heus
438 881 494 924 vos
510 858 611 946 pueri,
633 857 712 942 quid
733 857 806 922 istic
828 858 949 944 agitis?
971 858 1048 945 quid
1071 860 1150 924 istos
1172 858 1261 925 aedis
1282 859 1462 946 frangitis?

237 961 289 1028 cui
310 971 460 1047 prompte
483 961 695 1048 respondetur
718 960 813 1038 ,Erus
835 961 890 1026 hio
910 972 1017 1026 noster
1038 972 1139 1047 potat‘
1163 967 1208 1047 (v.
1230 961 1318 1048 946),
1341 962 1383 1044 ,ei
1407 960 1462 1026 ad·

236 1084 365 1129 vorsum
390 1065 548 1129 venimus‘
571 1067 617 1150 (v.
635 1063 723 1148 947).
769 1062 920 1151 itaqueP
941 1085 981 1128 ne
998 1064 1198 1130 levissimum
1213 1062 1348 1151 quidem
1366 1064 1462 1129 vesti-

235 1166 325 1252 gium
348 1165 416 1230 sive
439 1166 613 1231 lacunosae
642 1167 819 1231 sententiae
847 1166 915 1230 sive
938 1166 1034 1253 spatii
1062 1167 1165 1232 relicti
1195 1166 1381 1231 ostendunt.
1429 1175 1464 1230 at

235 1269 267 1333 in
291 1269 325 1334 A
345 1268 429 1333 inter
449 1269 733 1355 interrogationem
751 1269 987 1355 Theopropidis
1011 1279 1043 1334 et
1059 1291 1248 1356 responsum
1272 1290 1331 1334 sex
1348 1286 1463 1335 versus

235 1371 420 1449 extiterunt,
442 1392 579 1456 quornm
601 1371 683 1437 nihil
704 1374 770 1437 lere
792 1373 857 1460 legi
880 1373 993 1460 potnit.

324 1490 414 1556 Inter
436 1492 534 1578 Epic.
559 1515 589 1556 v.
612 1491 654 1556 64

321 1593 393 1659 ΤΗ.
417 1592 505 1678 Quid
528 1616 614 1659 nuno
636 1616 686 1659 me
709 1594 851 1659 retines?
878 1594 947 1660 ΕΡ.
971 1608 1099 1660 amatne
1121 1593 1232 1670 istam,
1262 1615 1361 1680 quam
1382 1594 1465 1658 emit

848 1696 889 1762 de
910 1696 1055 1783 praeda?
1076 1696 1150 1764 ΤΗ.
1173 1698 1293 1783 rogas?

237 1810 279 1876 et,
302 1799 328 1864 si
350 1799 380 1863 P
402 1799 577 1883 sequimur,
600 1798 784 1884 proximum

321 1901 467 1987 Deperit.
490 1902 559 1967 ΕΡ.
587 1902 694 1967 hercle
718 1903 885 1989 detegetur
908 1903 1030 1969 corium
1053 1902 1093 1966 de
1115 1911 1208 1986 tergo
1231 1921 1311 1965 meo.

237 2014 293 2069 aut
327 2004 391 2069 duo
419 2015 475 2069 aut
510 2028 610 2071 unus.
629 2016 714 2070 certe
742 2005 776 2069 in
799 2006 833 2071 A
862 2005 968 2070 extitit
997 2027 1108 2070 versus
1142 2003 1211 2068 sine
1240 2001 1338 2068 dubio
1363 2001 1464 2067 inter-

236 2107 374 2192 polatus.
418 2107 496 2171 item
518 2106 602 2173 inter
624 2106 665 2171 66
688 2117 719 2171 et
741 2108 781 2174 67
805 2108 838 2171 in
861 2130 899 2173 eo
925 2108 990 2173 duo
1014 2129 1125 2173 versus
1148 2106 1221 2192 plus
1251 2119 1349 2193 quarn
1372 2104 1407 2168 in
1432 2104 1464 2169 P

240 2208 425 2287 extiterunt,
449 2231 522 2274 oum
545 2208 669 2274 nullum
693 2208 848 2273 indicium
871 2210 1006 2274 lacunae
1030 2210 1061 2274 in
1085 2209 1114 2274 P
1135 2211 1342 2295 perspicuum
1366 2209 1419 2278 sit.

322 2331 403 2397 Men.
416 2328 595 2394 453-458,
619 2327 804 2407 Peniculus,
820 2351 894 2393 cum
909 2329 993 2393 inter
1008 2330 1069 2395 fori
1085 2330 1196 2396 turbas
1210 2328 1464 2395 Menaechmum

238 2431 389 2514 amiserit,
413 2432 550 2517 prandio
575 2431 814 2497 circumventus
838 2443 899 2516 est;
923 2454 988 2515 qua
1011 2455 1045 2497 re
1067 2433 1167 2498 iratus
1191 2432 1370 2497 detestatur
1392 2453 1462 2507 eos,

237 2535 294 2619 qui
318 2535 501 2600 contionum
518 2534 632 2599 officiis
655 2544 850 2619 ,occupatos‘
872 2533 1017 2599 homines
1040 2558 1103 2601 non
1118 2535 1335 2612 liberaverint,
1360 2536 1464 2599 immo

235 2630 279 2703 ad
313 2660 351 2701 ea
385 2638 524 2714 ,otiosos‘
558 2637 664 2726 delegi
694 2637 872 2724 oportuisse
905 2640 966 2716 ait3
1004 2661 1084 2723 quos
1117 2659 1193 2703 vero
1223 2634 1462 2722 subintellegat

237 2736 376 2818 ,otiosos‘
399 2738 508 2804 statim
530 2741 725 2826 explicatur:

322 2842 500 2908 Adfatimst
523 2844 698 2922 hominum,
722 2843 754 2908 in
779 2843 846 2907 dies
870 2840 925 2933 qui
947 2843 1093 2930 singulas
1116 2863 1206 2907 escas
1231 2841 1330 2918 edint,

324 2943 450 3029 Quibus
463 2947 571 3032 negoti
584 2946 663 3011 nihil
675 2957 733 3024 est,
746 2947 802 3031 qni
815 2969 921 3010 essum
934 2967 1037 3030 neque
1048 2956 1203 3008 vocantur
1216 2964 1320 3026 neque
1332 2955 1462 3007 vocant.

323 3047 390 3114 Eos
412 3058 538 3135 oportet
561 3051 701 3115 contioni
715 3049 801 3113 dare
824 3070 953 3136 operam
977 3060 1074 3132 atque
1097 3045 1244 3111 comitiis.

239 3147 341 3215 oratio
363 3150 446 3216 bene
468 3151 569 3229 cadit3
593 3175 676 3239 quae
699 3152 782 3216 male
804 3152 1092 3237 interrumperetur
1107 3148 1232 3214 duobus
1255 3149 1404 3214 versibus
1427 3148 1459 3212 in

237 3253 271 3318 A
286 3252 474 3332 interiectis,
503 3277 637 3338 quorum
654 3264 765 3319 auctor
788 3253 820 3317 ni
842 3253 937 3318 fallor
959 3267 1089 3317 senatus
1113 3274 1241 3341 qnoque
1266 3252 1459 3317 mentionem

238 3379 301 3422 non
319 3356 528 3422 omittendam
545 3369 633 3424 ratus
649 3368 707 3435 est,
730 3355 786 3421 ubi
802 3355 909 3420 contio
929 3368 960 3421 et
976 3356 1107 3421 comitia
1122 3365 1461 3419 commemorarentur.

323 3459 523 3548 Ambiguum
536 3472 584 3527 est
596 3461 751 3526 iudicium
764 3459 804 3524 de
816 3459 964 3524 codicum
977 3458 1193 3545 discrepantia
1205 3459 1289 3522 Pers.
1302 3457 1366 3521 605
1378 3480 1461 3544 sqq,

239 3554 293 3629 ubi
312 3563 404 3649 virgo
427 3586 446 3627 a
468 3562 583 3628 lenone
606 3563 741 3628 emenda
763 3561 960 3648 producitur.
984 3564 1040 3650 qui
1062 3561 1095 3626 in
1118 3556 1146 3626 P
1168 3576 1243 3627 sunt

545 3682 652 3750 ΤΟΧ.
675 3705 746 3770 age,
769 3705 830 3770 age
853 3704 938 3746 nuuc
961 3691 1011 3748 tu:
1035 3683 1069 3745 iu
1093 3680 1249 3770 proelium

280 3782 366 3852 Vide
394 3795 431 3850 ut
455 3784 640 3871 ingrediare
662 3786 838 3872 auspicato.
863 3783 922 3851 VI.
944 3782 1133 3867 liquidumst
1153 3782 1355 3872 auspicium:
1378 3792 1461 3847 tace.

281 3883 389 3951 ΤΟΧ.
412 3885 564 3952 Concede
579 3888 606 3952 si
621 3911 713 3953 suam
722 3891 765 3974 ¹);
792 3908 853 3974 ego
876 3887 964 3952 illam
987 3885 1159 3951 adducam.
1182 3884 1319 3953 DORD.
1342 3907 1405 3971 age
1428 3901 1464 3951 ut

848 4012 917 4054 rem
940 4010 1010 4053 esse
1033 3988 1065 4052 in
1089 3997 1232 4055 nostram
1254 3998 1361 4073 putas.

281 4089 390 4158 ΤΟΧ.
407 4092 549 4179 Sequere
562 4115 628 4178 me3
644 4092 774 4158 adduco
786 4092 881 4169 hanc,
903 4091 930 4155 si
948 4089 1028 4174 qnid
1041 4093 1091 4156 vis
1103 4113 1145 4155 ex
1156 4091 1217 4156 hae
1231 4094 1462 4176 percontarier.

326 4363 346 4430 ¹)
362 4365 387 4418 ai
402 4382 477 4418 suom
495 4363 804 4436 (interemptum
828 4368 870 4421 est
892 4381 926 4422 ex
950 4367 1017 4423 istnc
1045 4369 1103 4434 ant,
1121 4382 1191 4435 quae
1214 4368 1257 4420 est
1274 4363 1462 4420 Studemundi

239 4449 387 4515 sententia,
404 4449 479 4504 redit
495 4450 531 4504 ad
549 4453 587 4504 sia
603 4453 657 4504 ium
672 4451 726 4520 (sic
743 4450 866 4521 Bchl.
