3038 5220
660 201 862 304 '’r—es-

150 398 278 473 ttonst‘
299 416 370 473 tum
391 415 518 473 uncum
540 406 649 471 locum
677 428 765 485 ease,
792 407 820 472 si
842 406 1063 494 Epignomum
1084 407 1216 476 Stichum
1243 430 1373 475 movere

155 505 295 586 volebat,
329 521 364 575 ot
390 531 425 574 se
453 508 494 573 ad
522 530 635 575 cenam
662 509 824 578 invitaret.
874 511 1013 594 denique
1040 510 1128 594 quod
1160 510 1374 598 Epignomus,

157 627 350 698 quamquam
381 611 438 690 ,nil
473 633 580 677 moror
609 612 693 677 banc
719 624 798 678 rem‘
833 612 931 688 dixit,
966 625 1072 676 tamen
1100 613 1281 700 interrogat
1306 613 1375 700 ‚ubi

159 728 248 781 mas
270 713 413 792 bodiei‘,
444 715 518 781 usui
540 714 693 780 Plautino
721 737 821 799 quam
847 715 988 779 maxime
1011 716 1208 781 contrarium
1238 730 1296 781 est.
1339 717 1375 782 in

160 811 287 903 dagni·
307 826 418 884 autem
447 815 553 883 verbis
581 818 696 884 borum
722 839 873 884 versuum
903 827 1015 883 auctor
1037 839 1078 882 ex
1108 818 1375 886 antecedentibus

161 926 187 978 tt
202 919 411 1005 sequentibus
434 919 580 987 versibus
602 920 763 1004 quaedam
791 930 956 986 mutuatus
979 931 1027 985 est
1034 945 1044 998 ;
1071 922 1112 985 cf.
1134 943 1165 985 v.
1188 921 1252 987 429
1283 920 1375 999 ‚nihil

164 1033 267 1090 moror‘
284 1045 360 1091 cum
381 1023 447 1089 424
468 1035 510 1101 ,ts
532 1022 612 1088 nibil
634 1033 769 1100 moror‘3
793 1045 822 1087 v.
846 1023 910 1089 428
933 1023 985 1101 ,ad
1009 1044 1123 1089 cenam
1145 1023 1275 1089 ibone?‘
1299 1045 1373 1089 cum
1489 1099 1494 1113 .

166 1116 217 1192 400
239 1125 307 1205 ,ubi
328 1148 426 1193 cenas
442 1124 571 1192 hodie?‘
594 1149 624 1194 v.
639 1126 703 1194 429
725 1128 783 1204 ,sic
803 1126 865 1191 hoe
887 1124 1008 1211 placet‘
1032 1147 1106 1192 oum
1120 1125 1185 1192 430
1207 1127 1265 1205 ,sic
1287 1127 1373 1192 hauc

169 1231 311 1298 udonem
332 1229 456 1295 institit

234 1331 429 1401 Gravissimi
451 1344 560 1397 autem
575 1331 728 1396 momenti
751 1341 826 1395 sunt
850 1353 902 1394 vv.
916 1330 1111 1408 441-445,
1134 1353 1198 1416 quo
1213 1331 1285 1396 loco
1307 1331 1371 1397 iam

158 1419 348 1501 Ritscbelius
390 1434 539 1512 ,duarum
575 1433 797 1499 recensionum
835 1444 943 1519 portes
985 1433 1221 1522 παραλλήλους(
1265 1434 1375 1500 haberi

152 1538 332 1624 cooptatus
354 1549 413 1606 est.
455 1537 622 1603 Palatinos
644 1538 671 1601 si
694 1535 872 1620 sequimur,
897 1534 943 1600 sic
967 1535 1098 1603 Stichus
1122 1537 1371 1604 sermocinatur:

196 1638 255 1705 437
287 1639 360 1705 Iam
383 1637 491 1704 hercle
513 1660 573 1724 ego
596 1660 655 1722 per
670 1637 798 1703 hortum
820 1637 862 1702 ad
886 1637 1023 1703 amicam
1046 1638 1189 1706 transibo
1215 1661 1330 1718 meam,

289 1739 334 1807 uti
356 1741 442 1807 haue
462 1750 657 1826 occupatum
680 1751 823 1805 noctem:
847 1740 960 1805 eadem
983 1742 1163 1808 sumbolam

287 1841 384 1910 Dabo
404 1854 436 1908 et
457 1841 575 1909 iubebo
596 1842 638 1908 ad
661 1842 856 1928 Sagarinum
879 1866 992 1909 cenam
1013 1845 1119 1928 coqui,

195 1945 256 2015 440
286 1945 358 2013 Aut
379 1958 507 2034 egomet
528 1944 582 2010 ibo
604 1957 701 2029 atque
723 1944 887 2010 obsonabo
911 1947 1091 2012 obsonium.

194 2049 254 2115 446
286 2048 400 2135 Atque
421 2047 456 2113 id
478 2071 519 2114 ne
542 2070 599 2112 vos
621 2047 793 2126 miremini,
817 2048 963 2114 homines
985 2051 1127 2115 servolos

290 2152 421 2230 Potare,
446 2173 554 2216 amare
577 2161 676 2238 atque
698 2151 740 2215 ad
762 2174 874 2216 cenam
898 2152 1083 2218 condicere:

288 2253 383 2320 Licet
406 2253 485 2319 haee
507 2253 648 2319 Athenis
672 2253 773 2320 nobis.

144 2370 223 2446 apte
245 2370 278 2424 et
299 2357 455 2423 concinne
484 2357 573 2422 vides
601 2357 777 2422 sententias
805 2357 989 2442 procedere.
1040 2370 1073 2422 at
1096 2358 1130 2422 A
1158 2370 1231 2443 post
1256 2380 1286 2422 v.
1310 2357 1374 2422 440

153 2460 294 2549 quinque
334 2480 447 2524 versus
481 2456 593 2536 habet,
627 2481 708 2542 quos
741 2480 781 2523 ex
816 2458 854 2523 F.
884 2457 1004 2524 Leonis
1033 2459 1069 2546 (l.
1094 2464 1135 2539 c.)
1169 2457 1371 2523 restitutione

154 2583 314 2652 apponere
336 2561 442 2627 iuvat:

190 2666 253 2735 441
287 2664 478 2751 Sagarinus,
500 2686 599 2751 quom
620 2663 686 2729 iam
709 2664 762 2728 hic
785 2663 889 2728 aderit
912 2687 986 2728 cum
1010 2661 1141 2728 domino
1164 2686 1232 2740 suo,

289 2767 405 2834 Servos
428 2767 533 2844 homo,
558 2765 674 2854 quibus
697 2767 727 2833 ei
749 2765 892 2832 obseram
915 2788 1028 2831 cenam
1051 2766 1178 2834 modis?

287 2869 518 2936 Advorsitores
544 2869 705 2935 duacum
728 2868 914 2934 verberibus
939 2868 1032 2934 decet

287 2972 381 3053 Dori,
407 2985 443 3038 ut
465 2972 530 3038 iam
553 2971 791 3038 verberabundi
815 2994 889 3037 eum
912 2971 1075 3038 adducant
1097 2970 1238 3040 domum.

190 3078 256 3144 440
288 3076 409 3143 Parata
430 3098 482 3141 res
504 3075 622 3141 faciam
644 3086 681 3139 ut
704 3074 753 3140 sit.
797 3087 925 3160 egomet
947 3097 998 3139 me
1022 3097 1136 3140 moror.

151 3201 283 3246 manum
321 3178 483 3244 histrionis
521 3177 794 3262 interpolatricem
839 3177 1043 3241 manifestam
1088 3176 1370 3263 deprehendimus.

151 3303 262 3348 versus
285 3280 360 3349 443.
375 3281 439 3345 444
462 3290 714 3345 consentaneum
737 3290 786 3343 est
804 3277 868 3343 dici
885 3301 946 3344 non
964 3302 1068 3366 posse,
1090 3280 1153 3344 nisi
1170 3279 1253 3364 quis,
1277 3303 1373 3364 quem

149 3382 210 3449 iam
246 3382 372 3469 pridem
405 3381 576 3448 advenisse
609 3390 752 3467 oportet,
785 3384 905 3447 frustra
940 3393 1140 3467 expectatur.
1194 3381 1373 3467 Sagaristio

149 3497 258 3553 autem
286 3507 306 3550 a
329 3485 442 3552 Sticho
471 3507 558 3550 nunc
586 3483 717 3571 quidem
743 3484 873 3550 omnino
902 3508 964 3549 non
992 3495 1192 3572 expectatur.
1242 3485 1373 3548 manda·

149 3603 240 3655 verat
262 3588 349 3654 enim
370 3587 482 3655 Sticho
504 3597 541 3652 ut
563 3587 605 3652 ad
620 3586 834 3672 Stephanium
855 3587 925 3663 iret,
956 3587 1022 3651 suis
1052 3585 1159 3652 verbis
1182 3587 1321 3652 salutem
1343 3587 1373 3652 ei

149 3693 391 3776 adventumque
425 3692 600 3756 instantem
635 3689 812 3773 nuntiaret,
849 3689 989 3777 denique
1022 3711 1136 3754 cenam
1170 3689 1371 3774 coquendam

148 3806 293 3872 curaret3
317 3794 357 3862 cf.
375 3814 404 3856 v.
420 3792 483 3858 002
500 3813 569 3879 sqq.
586 3791 779 3858 432-439.
805 3814 942 3879 quorum
964 3816 1038 3857 oum
1058 3791 1218 3857 nihildum
1241 3791 1372 3859 Stichus

148 3895 318 3983 perfecerit
340 3895 435 3961 modo
458 3896 526 3981 ipse
549 3914 706 3971 reversus,
730 3894 785 3980 qui
805 3894 934 3959 tandem
949 3895 1179 3981 Sagaristionis
1196 3895 1372 3960 adventum

152 3997 216 4064 iam
239 4018 327 4064 nune
349 4008 415 4062 tam
431 3997 639 4063 vehementer
661 4006 819 4085 exoptare
835 3999 968 4082 potest?
990 4019 1065 4062 ecce
1080 3997 1203 4075 histrio,
1220 3998 1276 4081 qui
1299 4019 1371 4062 cum

149 4100 240 4168 novis
262 4099 387 4166 facetiis
401 4099 499 4165 illatis
514 4099 716 4166 audientium
731 4099 829 4165 risum
845 4100 990 4165 excitare
1008 4101 1146 4178 studeat,
1170 4122 1277 4165 rerum
1300 4122 1372 4166 cou-

149 4201 284 4271 dicionis
318 4225 384 4267 non
416 4224 543 4291 semper
576 4203 654 4267 satia
688 4202 833 4269 curiosus
867 4204 932 4268 est!
967 4225 1040 4267 cum
1070 4202 1187 4288 quibus
1222 4200 1370 4268 versibus

150 4315 274 4375 ceteros
296 4328 361 4375 uua
376 4304 576 4371 damnandos
599 4328 668 4372 esse
684 4327 787 4393 paene
803 4317 1054 4372 consentaneum
1072 4317 1128 4370 est
1161 4302 1372 4390 interrogatio

150 4408 233 4477 euim
255 4407 383 4496 ‚quibus
405 4407 554 4474 mediaei
576 4407 709 4473 offeram
726 4407 875 4474 cenam?‘
898 4408 1102 4496 ineptissima
1123 4418 1183 4487 est,
1199 4429 1272 4473 cum
1295 4429 1372 4492 quo-
