3038 5220
660 208 863 309 —Q—

145 412 270 479 deinde
291 432 412 477 novam
432 432 584 477 scaenam
605 411 710 498 (113)
731 412 889 500 incipiunt
910 412 954 479 P:

236 514 279 579 Di
299 512 499 579 immortales
508 517 535 595 ¹)
558 513 764 579 conservavit
787 536 838 579 me
862 514 927 579 illic
950 514 1046 579 homo
1068 514 1211 580 adventu
1233 536 1301 579 suo.

147 638 249 702 quam
270 636 407 681 scaenae
425 615 662 681 distinctionem
681 638 724 681 ex
734 617 911 702 exemplari
928 616 1060 680 histrico
1072 617 1297 705 depromptam
1312 638 1372 683 nec

147 720 218 785 sine
239 717 375 783 oonsilio
397 717 579 784 institutam
607 741 678 784 esse
706 719 907 784 demonstrat
929 731 962 784 et
989 718 1101 784 titulus
1129 720 1371 803 antiquissimus

159 818 331 891 ServosO‘
352 832 383 885 et
406 819 494 904 quod
511 820 545 885 in
568 821 674 885 media
688 820 845 887 Pseuduli
861 822 1003 886 oratione
1026 822 1082 885 vix
1099 844 1251 906 umquam
1265 845 1371 909 gram·

149 925 289 991 metiens
316 923 370 988 rel
396 921 545 989 librarius
579 945 695 987 noram
724 945 874 989 scaenam
902 946 1035 989 exorsus
1065 934 1158 992 esset.
1208 925 1262 989 hic
1295 947 1370 1012 quo-

151 1048 214 1117 que
240 1035 383 1093 mutatas
406 1024 640 1091 modulationes
667 1026 806 1090 musicas
835 1048 946 1119 ansam
970 1047 1160 1091 scaenarum
1188 1026 1369 1091 discernen-

150 1130 265 1196 darum
292 1128 435 1210 dedisse,
474 1128 669 1215 Spengelius
697 1151 737 1192 ex
767 1128 896 1192 diversa
929 1150 1040 1193 earum
1068 1127 1174 1192 indole
1202 1130 1271 1193 iure
1298 1151 1369 1194 con·

152 1234 284 1299 clusisse
306 1231 451 1309 videtur,
474 1254 611 1316 quarum
636 1234 668 1295 in
682 1230 737 1295 illa
753 1229 936 1295 Pseudulus
952 1229 1144 1315 Harpagem
1161 1230 1367 1296 callidissime

151 1336 322 1403 defrudata
343 1335 462 1411 studet,
484 1336 516 1397 in
540 1335 602 1397 hac
625 1333 763 1398 laetatur
784 1343 817 1397 et
840 1332 1094 1417 philosophatur.

233 1437 345 1503 Huius
359 1437 422 1501 loci
445 1436 606 1501 simillima
622 1446 697 1501 sunt
713 1450 745 1499 et
767 1436 913 1500 condicio
936 1447 1071 1500 externa
1089 1447 1121 1499 et
1143 1445 1371 1522 argumentum

152 1562 287 1607 maenas
301 1539 353 1608 IV
368 1541 388 1606 8
410 1539 510 1627 (1238
525 1542 619 1623 sqq.),
643 1537 699 1604 ubi
721 1550 793 1624 post
808 1537 966 1603 Ballionis
989 1538 1113 1604 abitum
1128 1538 1218 1605 Simo
1240 1550 1365 1603 restans

153 1646 197 1711 sio
218 1643 393 1731 gloriatur:

232 1744 325 1811 Bene
345 1765 407 1831 ego
428 1743 520 1809 illurn
544 1742 646 1829 tetigi,
671 1742 752 1806 bene
775 1756 881 1809 autem
905 1765 1015 1808 servos
1037 1743 1206 1809 inimicum
1227 1767 1333 1809 suum.

89 1846 92 1853 '
152 1870 255 1935 tque
285 1870 380 1913 versu
403 1848 437 1911 in
459 1846 489 1912 P
511 1868 594 1910 nova
624 1867 741 1910 scaena
765 1845 878 1931 incipit
903 1847 997 1911 titulo
1022 1857 1149 1911 vetusto
1178 1847 1240 1911 hoc
1262 1868 1370 1932 super·

152 1952 268 2037 scripto
289 1950 325 2015 in
345 1950 390 2017 O:
413 1949 513 2024 ‚Simo
535 1970 635 2014 senex
658 1947 706 2015 O!

233 2052 380 2136 Utroque
408 2052 477 2116 loco
500 2049 709 2115 Ambrosiani
732 2062 905 2131 corrector,
930 2071 1003 2115 cum
1033 2050 1232 2115 reconditam
1250 2050 1371 2116 distin-

152 2156 268 2241 guendi
290 2154 446 2219 rationem
467 2175 532 2218 non
555 2164 663 2238 posset
685 2153 877 2238 perspicere,
905 2175 1038 2217 scaenas
1062 2155 1280 2233 continuavit,
1305 2155 1371 2221 vul-

151 2278 243 2343 gares
267 2256 344 2321 isin
368 2278 406 2320 eo
424 2278 552 2320 normas
568 2268 706 2321 secutus.
751 2256 804 2319 cui
820 2267 855 2320 ut
876 2255 1094 2339 patrocinetur
1110 2257 1137 2320 si
1155 2257 1227 2343 quis
1249 2257 1368 2322 obiciat

151 2357 374 2425 Palatinorum
402 2359 589 2423 memoriam
617 2359 690 2422 ideo
716 2358 779 2421 fide
807 2358 938 2443 dignam
966 2380 1031 2422 non
1060 2380 1145 2435 esse,
1178 2358 1265 2442 quod
1296 2361 1369 2424 aliis

152 2461 227 2527 locis
255 2483 433 2548 sanequam
460 2461 618 2525 similibus
642 2482 778 2526 scaenae
801 2459 987 2525 disiunctae
1015 2481 1079 2523 non
1109 2470 1184 2524 sunt
1206 2461 1262 2546 (cf.
1285 2483 1312 2529 e.
1335 2483 1368 2547 g.

151 2564 240 2631 Poeu.
257 2563 330 2628 917.
354 2563 425 2628 Aul.
441 2562 512 2629 460.
536 2562 799 2629 Matoustana
828 2560 917 2625 1039.
946 2561 1031 2629 Truc.
1049 2564 1134 2644 758).
1159 2585 1232 2628 eum
1254 2565 1371 2628 iterum

151 2687 267 2731 revoco
289 2664 332 2728 ad
348 2686 396 2741 ea,
412 2686 496 2751 quae
512 2664 552 2726 de
568 2664 725 2748 singulari
741 2664 773 2728 in
790 2663 840 2726 his
856 2662 951 2726 rebus
973 2664 1173 2750 singularum
1188 2664 1371 2732 fabularum

152 2767 340 2832 condicione
369 2788 467 2851 supra
501 2765 578 2831 dixi.
624 2766 810 2829 correctoris
845 2781 952 2830 autem
986 2765 1195 2831 Ambrosiani
1229 2791 1368 2856 operam,

152 2891 233 2955 quae
256 2871 290 2934 in
312 2869 402 2933 nulla
418 2867 550 2953 perinde
571 2882 669 2955 atque
692 2867 723 2931 in
739 2868 905 2934 Pseudulo
921 2869 1032 2935 fabula
1047 2883 1191 2955 apparet,
1215 2871 1367 2958 detegere

153 2973 327 3061 pergimus.

235 3075 350 3140 Pseud.
365 3073 384 3138 I
401 3072 431 3140 3.
474 3072 552 3136 Post
569 3073 725 3137 Ballionis
742 3075 902 3140 canticum
925 3077 1010 3139 servi
1032 3078 1291 3160 meretricesque,
1313 3076 1369 3162 qui

153 3194 313 3247 mutarum
346 3198 556 3262 personarum
586 3178 657 3239 vice
686 3178 788 3241 functi
811 3187 901 3254 sunt,
939 3200 1055 3242 scaena
1084 3178 1258 3257 decedunt,
1287 3179 1371 3247 Gali.-

153 3282 248 3349 dorus
273 3289 306 3344 et
320 3278 512 3360 Pseudulus,
537 3279 593 3361 qui
616 3279 648 3341 in
671 3301 784 3343 aversa
807 3302 943 3344 scaenae
965 3291 1056 3365 parte
1079 3292 1198 3345 stantes
1213 3280 1371 3347 Ballionis

151 3385 297 3453 convicia
318 3382 520 3457 audiverant,
544 3381 714 3465 prodeunt,
737 3393 874 3446 ametro
890 3383 1054 3447 trochaico
1071 3382 1112 3445 ad
1130 3383 1370 3468 anapaesticum

149 3504 244 3574 poeta
267 3485 397 3562 transit3
419 3483 474 3549 ubi
498 3505 633 3549 scaenae
657 3507 760 3549 novae
785 3486 910 3550 initium
933 3487 967 3549 in
989 3484 1018 3549 P
1040 3485 1204 3570 aptissime
1233 3485 1371 3554 indicari

149 3612 243 3657 nemo
271 3587 453 3674 negaverit3
483 3586 584 3650 nihilo
611 3587 716 3651 minus
747 3587 953 3652 Ambrosiani
989 3595 1150 3651 corrector
1177 3608 1368 3656 scaenarum

148 3691 388 3760 distinctionem
409 3712 472 3753 non
496 3688 635 3753 admisit.

234 3794 275 3859 In
297 3793 446 3857 Pseuduli
466 3813 584 3856 scaena
606 3791 694 3858 1V5
716 3802 885 3876 postquam
906 3792 1013 3858 Ballio
1036 3793 1119 3858 dixit

206 3938 208 3942 ι
302 3894 400 3960 Nunc
422 3917 484 3980 ego
504 3894 670 3961 Simonem
693 3894 736 3958 mi
760 3894 890 3960 obviam
913 3897 1022 3960 veniat
1044 3897 1141 3961 velim

113 3988 117 3993 ’
149 3998 285 4066 Simoin
296 4017 447 4063 scaenam
458 3997 573 4083 prodit,
597 4019 616 4060 a
629 3998 719 4062 cuius
732 3997 844 4081 primis
856 3999 962 4063 verbis
971 3999 1033 4063 BD
1045 4021 1086 4064 ex
1094 4013 1202 4063 vetere
1215 4000 1369 4064 memoria

150 4125 268 4168 novam
293 4123 443 4167 scaenam
463 4100 628 4185 >incipiunt
656 4100 749 4163 titulo
781 4101 815 4163 in
848 4099 879 4164 B
905 4104 952 4164 sic
973 4101 1191 4188 superscripto
1212 4101 1258 4184 ,S.
1282 4102 1370 4171 Simo

151 4204 269 4272 Senex.
280 4203 320 4267 Ε.
331 4202 458 4268 Eidem.
477 4202 567 4278 DV‘3
583 4224 623 4266 ex
640 4225 789 4286 quocum
807 4224 997 4267 scaenarum
1008 4203 1205 4268 distinctioni
1220 4204 1371 4290 gravissi-

194 4476 198 4481 .
238 4427 259 4495 ¹)
274 4424 323 4479 Ad
333 4423 410 4492 quod
421 4422 536 4476 initium
548 4422 583 4475 cl.
596 4422 679 4475 initia
691 4440 852 4477 scaenarum
864 4425 924 4478 Aut.
936 4422 984 4479 ΙΠ
994 4428 1012 4479 4
1021 4424 1101 4494 (460).
1116 4425 1192 4495 Copt.
1204 4424 1249 4478 IV
1260 4426 1278 4478 3
1288 4426 1369 4496 (901)

1169 4529 1187 4585 8
