3038 5220
733 227 792 290 175

662 316 863 325 ——-—

145 431 202 507 eit,
229 450 288 514 per
308 427 397 513 leges
419 429 497 493 artis
520 429 649 494 criticae
672 433 775 494 insana
804 430 875 492 bene
897 426 1119 515 recipiendum
1141 438 1204 505 est,
1230 430 1370 491 insanum

146 532 222 597 bene
243 528 460 606 reiciendum,
497 528 556 593 etsi
582 540 716 595 externa
738 529 859 617 specie,
893 552 976 617 quae
1005 552 1103 615 quam
1136 530 1238 594 fallax
1261 531 1303 594 sit
1326 539 1375 595 sat

146 655 248 722 saepe
271 631 420 714 vidimus,
446 631 683 716 quodammodo
706 631 958 698 commendatur.
994 654 1100 717 neque
1122 634 1156 697 in
1178 634 1304 699 occulto
1327 645 1376 700 est

148 735 321 801 consilium
340 734 527 800 correctoris
542 735 762 803 Ambrosiani.
799 736 916 801 etenim
932 756 1005 799 cum
1021 736 1110 799 Most.
1127 735 1190 801 908
1213 734 1374 814 ,insanum

147 837 289 921 bonam‘,
312 838 425 902 Bacch.
442 837 502 903 761
519 839 679 915 ,insanum
695 841 870 923 magnum‘,
898 837 979 900 Tria
996 838 1059 903 673
1075 837 1235 914 ,insanum
1251 840 1373 904 malum

147 940 337 1028 hospitium‘
352 940 460 1027 legere
477 939 680 1022 meminisset,
698 939 740 1005 ad
755 940 870 1006 borum
886 940 1107 1027 exemplorum
1123 940 1368 1008 similitudinem

149 1042 276 1108 duobus
299 1045 356 1129 qui
379 1042 571 1108 differebant
600 1042 678 1108 locis
701 1043 795 1110 docte
818 1065 896 1108 sane
924 1042 1107 1108 emendavit
1128 1046 1268 1108 insanum
1291 1045 1371 1110 bene.

149 1145 374 1212 Palatinarum
403 1160 510 1212 autem
532 1146 607 1211 fidei
631 1146 691 1210 hoc
713 1147 839 1212 accedit
866 1145 1094 1211 documentum
1116 1169 1180 1211 non
1203 1146 1372 1230 mediocre,

150 1248 238 1336 quod
256 1250 370 1313 Bacch.
388 1250 460 1328 761,
478 1273 542 1335 quo
565 1249 637 1314 loco
652 1252 791 1313 insortam
813 1247 967 1314 aPlauto
988 1249 1170 1336 profectum
1194 1272 1264 1313 esse
1287 1249 1373 1314 testi-

150 1353 258 1417 monio
292 1353 382 1418 Festi
410 1376 441 1440 p.
466 1354 527 1418 113
560 1352 721 1430 ,insanum
757 1352 922 1440 [insanum
957 1373 1111 1439 magnum
1138 1351 1277 1439 Lipsius]
1314 1374 1372 1439 pro

150 1453 246 1520 valde
273 1478 428 1542 magnum
456 1478 534 1522 usus
560 1464 609 1520 est
637 1454 782 1520 Plautus‘
808 1463 931 1519 certum
953 1463 1019 1537 est,
1048 1457 1185 1519 insonum
1214 1476 1288 1519 cum
1311 1454 1373 1519 fide

151 1569 330 1624 servarunt.
378 1561 481 1622 insane
509 1567 618 1622 autem
652 1572 779 1644 praeter
807 1558 895 1621 Most.
920 1555 991 1622 761.
1016 1558 1084 1624 Mil.
1106 1559 1182 1642 plor.
1205 1557 1248 1622 24
1274 1555 1373 1622 habes

155 1657 239 1728 Cure.
262 1659 333 1725 176.
376 1659 455 1725 locis
480 1660 579 1746 igitur
601 1659 664 1723 illis
687 1660 784 1746 lapid.
805 1659 877 1727 620.
898 1660 969 1723 Mil.
991 1661 1067 1745 plor.
1091 1660 1183 1725 1180.
1210 1660 1295 1728 Truc.
1311 1659 1372 1725 271

151 1761 206 1848 (cf.
222 1783 254 1848 p.
271 1761 313 1826 20
329 1762 415 1848 sqq.)
437 1784 522 1826 nunc
545 1760 670 1827 accedit
686 1772 830 1849 quartus,
855 1783 918 1850 quo
941 1762 1146 1828 manifestum
1167 1762 1204 1827 fit
1225 1760 1373 1827 omnibus

150 1865 244 1947 locis,
279 1863 397 1950 quibus
426 1863 645 1930 diversitatem
679 1865 857 1952 scripturae
885 1864 927 1928 ad
955 1886 1115 1930 summam
1148 1865 1371 1952 antiquitatem

151 1968 351 2033 referendam
374 1989 444 2032 esse
455 1966 740 2053 grammaticorum
758 1965 901 2032 eiusdem
915 1967 1029 2031 aetatis
1042 1967 1230 2032 testimoniis
1243 1968 1374 2045 scimus,

149 2069 373 2135 Palatinorum
405 2069 503 2134 fidem
538 2070 667 2158 egregie
701 2068 841 2158 probari,
875 2069 909 2134 in
930 2069 1149 2135 Ambrosiano
1182 2069 1373 2135 correctoris

150 2175 229 2238 satis
252 2172 339 2237 docti
361 2194 492 2238 manum
515 2173 666 2260 conspici.
702 2172 744 2238 ad
766 2171 879 2236 Militis
902 2182 1011 2237 autem
1032 2172 1164 2258 gloriosi
1187 2195 1318 2238 versum
1339 2182 1376 2238 ut

150 2275 296 2352 redeam,
326 2273 580 2340 Ambrosianum
607 2275 670 2340 alio
699 2297 827 2363 quoque
857 2275 928 2340 loco
956 2275 1158 2361 grammatici
1183 2275 1373 2341 correctoris

150 2400 283 2466 operam
314 2387 485 2465 expertum
516 2400 586 2443 esse
620 2378 766 2464 suspicor
773 2403 782 2455 ;
818 2378 874 2464 qui
903 2400 976 2443 cum
1009 2377 1197 2444 exhibuisse
1226 2378 1375 2444 videatur

150 2480 236 2560 ,Nisi
263 2503 362 2547 unum
390 2481 552 2569 epityrum
581 2492 668 2546 estur
694 2481 845 2547 insanum
875 2479 977 2560 bene‘,
1005 2480 1207 2546 desideratur
1228 2482 1285 2558 illi,
1309 2501 1373 2568 quo

150 2605 260 2650 carere
283 2606 346 2648 non
369 2606 558 2672 possumus;
580 2605 720 2672 proquo
744 2605 819 2649 cum
841 2584 874 2649 in
891 2583 920 2648 P
936 2585 1063 2671 legatur
1085 2587 1171 2672 opud
1191 2585 1288 2662 illam,
1310 2606 1376 2648 non

151 2687 310 2754 absonum
333 2696 381 2751 est
402 2699 516 2773 putare
551 2689 635 2773 apud
656 2688 744 2751 illam
770 2687 835 2751 iam
862 2686 1030 2775 archetypi
1060 2688 1215 2774 principie
1245 2709 1377 2753 versum

138 2790 317 2868 invasisse,
350 2790 437 2855 unde
471 2791 632 2878 expulerit
663 2799 802 2856 metrum
836 2789 1065 2856 emendaturus
1099 2802 1258 2857 corrector
1291 2790 1374 2856 Am-

150 2891 293 2958 brosiani
315 2891 523 2978 comprobato
545 2893 578 2955 in
600 2890 847 2980 penthemimeri
869 2891 972 2959 hiatu.

573 3355 718 3454 Caput
744 3366 953 3454 quartum.

236 3591 502 3658 Desideraverint
536 3593 592 3674 qui
625 3592 719 3659 huius
756 3592 1032 3659 commentationis
1065 3591 1200 3657 lectores
1234 3590 1376 3659 existant

150 3696 321 3763 nonnullos
349 3695 451 3772 locos,
484 3694 602 3778 quibus
632 3693 673 3759 ab
701 3695 772 3760 aliis
800 3698 987 3760 retractatio
1016 3696 1105 3759 facta
1133 3696 1199 3760 iam
1229 3696 1373 3762 indicata

149 3801 202 3865 sit.
249 3820 329 3885 quos
356 3820 396 3862 ne
424 3797 628 3885 neglegentia
658 3798 802 3863 omisisse
825 3795 958 3876 videar,
987 3819 1092 3862 meam
1116 3796 1161 3862 de
1177 3797 1228 3862 his
1251 3807 1375 3863 senten-

150 3903 229 3969 tiam
252 3912 412 3990 quatenus
435 3900 654 3966 necessarium
676 3899 840 3966 videbitur
863 3921 1024 3986 exponere
1049 3899 1212 3966 inanimo
1235 3911 1293 3966 est.

198 4006 279 4073 Tria.
302 4003 364 4068 207
409 4002 523 4069 Sciunt
547 4003 580 4067 id
604 4003 691 4090 quod
713 4003 746 4066 in
770 4025 880 4069 aurem
902 4024 961 4068 rex
984 4003 1116 4090 reginae
1138 4002 1266 4081 dixerit,

346 4105 388 4171 P:
413 4105 528 4171 Sciunt
550 4105 637 4189 quod
659 4106 741 4170 Iuno
762 4105 938 4171 fabulatast
961 4127 1035 4170 cum
1056 4105 1136 4171 Iove

347 4212 392 4275 A:
416 4210 501 4275 Item
523 4211 629 4276 sciunt
651 4208 684 4273 id
708 4209 795 4294 quod
818 4210 901 4275 Iuno
924 4231 951 4279 e.
967 4232 1000 4295 q.
1017 4233 1043 4274 s.

150 4309 364 4398 Niemeyerus
388 4336 419 4399 p.
443 4314 484 4378 22
516 4312 576 4379 sibi
601 4313 769 4401 probatam
799 4336 870 4379 esse
899 4313 978 4378 dicit
1000 4313 1141 4382 Vahleni
1169 4312 1370 4394 senteutiam,

152 4419 208 4503 qui
232 4419 264 4482 in
287 4418 404 4483 scholis
435 4419 530 4480 sciam
558 4439 693 4483 eversu
715 4416 778 4482 208
806 4415 1012 4481 eximendum
1042 4427 1138 4482 etex
1164 4410 1375 4485 Ambrosiani
