3038 5220
654 192 856 295 ‚ffl—

147 410 283 463 metrum
310 394 343 460 in
371 407 510 480 utraque
533 397 718 463 recensione
740 397 906 464 turbatum
929 409 992 479 est:
1026 420 1100 464 eum
1128 420 1205 464 vero
1231 399 1362 463 Plautus

147 500 184 564 dc
195 499 318 585 praedo
338 519 466 582 semper
488 497 585 575 dicat,
608 498 647 562 de
664 522 727 584 qno
750 499 789 564 cf.
805 497 1048 565 Studemundus
1064 524 1134 566 eurr.
1148 500 1366 588 pretextu

146 604 241 687 pb?
263 623 311 688 aq.
344 599 514 665 Abrabam
545 602 585 668 io.
615 603 713 688 suppl.
741 600 831 668 XIV
860 622 891 686 p.
918 603 996 680 201,
1035 614 1122 668 recte
1156 603 1209 669 bic
1238 625 1366 668 versum

146 717 344 771 restaurasse
359 705 489 771 videtur
506 704 567 771 bae
584 706 743 792 scriptura
761 728 869 793 ,quam
885 704 947 769 emi
963 702 1003 768 de
1018 706 1160 790 praeda‘.
1181 707 1279 791 Epis.
1294 705 1365 782 108,

145 807 202 874 ubi
222 805 293 873 ΔΡ
315 807 358 886 ,in
381 807 503 895 praede
525 830 559 872 ee
588 817 757 873 mercatus‘
781 806 911 884 hebent,
933 805 1176 874 Studemundus
1200 809 1218 875 l.
1242 831 1267 874 o.
1297 830 1364 873 cor·

146 909 231 975 rexit
252 909 304 992 ,de
325 908 449 996 praede
471 931 506 973 es
528 923 710 975 mercetus‘.

235 1028 321 1094 llere.
343 1028 405 1093 281
428 1027 504 1107 ,Sed
531 1026 610 1116 quid
632 1028 719 1114 apud
741 1039 867 1094 nostras
896 1029 1014 1114 negoti,
1043 1028 1172 1106 mulier,
1199 1039 1245 1093 est
1274 1027 1362 1092 aedis

147 1130 239 1197 tibii‘
260 1128 300 1212 P,
322 1131 366 1193 od
386 1142 503 1194 roura:
524 1132 554 1194 A
577 1152 763 1217 perperam:
787 1133 827 1197 cf.
845 1132 934 1198 Most.
951 1130 1023 1207 844,
1046 1129 1102 1195 ubi
1126 1129 1223 1210 ,Nam
1239 1141 1368 1216 egomet

146 1231 327 1309 ductarum,
358 1232 420 1296 nisi
448 1232 492 1296 mi
519 1244 602 1298 esset
629 1233 717 1318 opud
746 1235 852 1300 forum
879 1235 1054 1320 negotium‘
1084 1234 1118 1299 A
1145 1243 1224 1298 teste
1252 1232 1366 1299 Stude·

149 1335 271 1402 mundo
297 1335 386 1420 apud
407 1334 632 1402 Abrabemum
659 1337 679 1405 l.
702 1358 730 1406 c.
753 1360 780 1424 p.
801 1337 875 1414 207,
897 1337 1064 1423 celsorum
1090 1336 1113 1400 P
1136 1345 1247 1401 contra
1272 1358 1367 1400 usum

148 1438 334 1504 Plautinum
356 1437 523 1524 praebent.
560 1450 728 1524 praeterea
749 1439 911 1504 nonnullis
933 1438 1022 1516 locis,
1045 1437 1162 1523 quibus
1179 1437 1213 1502 A
1228 1447 1366 1502 aetatem

149 1563 211 1607 non
233 1541 317 1620 tulit,
340 1541 393 1619 ,ed
407 1542 525 1606 forum‘
546 1541 624 1606 inP
646 1563 705 1628 pro
727 1542 827 1627 ,apud
848 1542 965 1606 forum‘
988 1541 1121 1627 legitur:
1143 1541 1254 1605 Pseud.
1274 1539 1366 1608 1236.

148 1646 236 1713 Most.
258 1643 331 1713 999.
353 1644 423 1712 Mil.
444 1644 520 1730 plor.
544 1643 617 1722 930,
641 1643 821 1728 dequibus
844 1644 919 1709 vide
941 1641 1177 1708 Abrabamum.

235 1761 321 1830 llus.
347 1760 411 1828 304
444 1759 630 1826 Priscianus
654 1760 687 1828 V
708 1786 739 1848 p.
765 1763 825 1829 189
859 1762 939 1828 bene
975 1763 1021 1828 sic
1054 1745 1202 1828 tradidit:
1236 1782 1311 1845 ,qua
1338 1759 1366 1824 ie

149 1865 209 1931 boc
230 1863 352 1929 advos
374 1862 486 1929 damni
508 1876 711 1951 permensust
732 1866 839 1932 viam‘.
884 1889 959 1951 ,qua
981 1865 1008 1930 is
1024 1866 1112 1950 apud
1138 1875 1204 1930 vos‘
1220 1865 1254 1930 A
1275 1865 1367 1942 false,

147 1989 225 2053 ,qua
246 1966 300 2031 isti
324 1975 390 2032 voe‘
412 1964 442 2031 P
464 1988 570 2032 errore
593 1966 726 2036 librarii.

238 2085 320 2148 Tria.
345 2085 426 2153 1067
454 2084 555 2168 ,illam
580 2085 714 2152 alteram
744 2086 899 2176 [partem]
923 2087 1011 2175 apud
1039 2109 1106 2164 me,
1134 2087 1221 2172 quod
1250 2085 1367 2165 boniet,

149 2187 314 2276 adponito‘
335 2187 371 2252 A
393 2200 493 2273 reete;
517 2189 569 2268 ,ad
592 2199 654 2256 me‘
675 2188 715 2255 P.

192 2308 274 2373 Men.
296 2306 359 2374 587

232 2427 282 2493 A:
304 2426 375 2491 Aut
397 2426 439 2490 ad
462 2427 618 2513 populum
640 2428 751 2493 autin
773 2428 843 2493 iure
866 2437 922 2494 aut
942 2425 1057 2518 [apud]
1086 2426 1222 2492 aedilem
1245 2448 1296 2491 res
1319 2437 1367 2493 est

234 2529 278 2594 P:
299 2528 372 2594 Aut
393 2527 436 2592 ad
458 2528 613 2614 populum
636 2539 692 2595 aut
713 2529 747 2594 in
768 2530 838 2594 iure
862 2529 981 2595 autad
1004 2529 1144 2595 iudicem
1167 2551 1218 2594 ree
1240 2540 1298 2594 est.

147 2633 235 2718 aprsd
255 2630 289 2695 in
310 2631 346 2696 A
367 2630 466 2696 luisse
489 2652 531 2695 ex
555 2631 660 2716 spatio
683 2642 836 2716 quattuor
858 2631 1037 2696 litterarum
1061 2632 1280 2717 colligendum
1303 2641 1369 2709 est:

147 2734 206 2799 sed
218 2735 261 2797 od
272 2732 518 2820 praepositionis
528 2756 605 2799 usus
617 2734 707 2822 apud
717 2756 873 2820 personas
883 2734 1055 2800 Plautinus
1067 2744 1131 2812 est;
1147 2734 1187 2801 of.
1200 2736 1291 2800 Pecu.
1304 2734 1367 2797 726

150 2834 223 2910 ,lim
252 2835 354 2899 istaec
382 2835 455 2900 volo
487 2857 564 2923 ergo
592 2857 649 2901 vos
684 2837 940 2901 commeminisse
968 2836 1076 2901 omnia
1104 2835 1183 2901 Mox
1212 2837 1254 2900 ad
1281 2858 1371 2923 prae·

150 2946 276 3017 torem‘3
299 2937 433 3004 Brixius
455 2937 498 3003 ad
524 2937 610 3025 capr.
625 2938 676 3008 49.
699 2940 828 3004 aedilem
850 2960 892 3002 ex
908 2937 1155 3025 interpolatione
1171 2948 1282 3006 natum
1305 2951 1367 3023 est:

152 3043 191 3108 cf.
214 3040 348 3106 Brixius
370 3039 413 3104 ad
436 3064 466 3108 v.
490 3040 652 3128 Bergkius
678 3042 785 3128 Opuee.
809 3040 827 3104 1
849 3064 881 3129 p.
906 3041 978 3105 172.
1007 3040 1230 3106 Palatinornm
1257 3062 1369 3108 versus

151 3155 200 3211 eet
221 3153 405 3208 tetrameter
426 3142 636 3220 becchiacus,
665 3142 759 3208 modo
781 3143 872 3229 legas
894 3155 963 3208 rest.
1007 3143 1218 3209 Ambrosiani
1242 3165 1370 3209 versum

151 3245 345 3334 Spengelius
366 3248 610 3331 anapaestieum
632 3248 811 3311 trimetrum
834 3245 933 3312 habet
953 3247 1218 3333 (Reformooreebl.
1235 3269 1266 3333 p.
1282 3246 1371 3332 266).

235 3347 309 3414 Iam
331 3347 374 3411 ad
395 3348 598 3414 substantiva
619 3348 835 3433 pervenimus.

194 3469 286 3535 Poen.
308 3466 372 3534 375

235 3570 281 3636 P:
304 3570 382 3637 Sine
410 3580 442 3635 te
475 3590 622 3648 exorem,
656 3571 725 3636 eine
758 3569 958 3657 prehendam
992 3569 1160 3647 auriculis,
1194 3569 1263 3634 sine
1296 3569 1370 3635 dem

1171 3672 1298 3738 savium

238 3776 288 3841 A:
309 3774 387 3842 Sine
428 3786 460 3841 te
495 3797 642 3855 exorem,
681 3775 750 3840 sine
782 3776 983 3861 prehendam
1005 3817 1030 3826 -
1053 3776 1153 3857 auris,
1191 3776 1261 3841 sine
1301 3775 1374 3841 dem

1175 3878 1311 3945 savium.

154 4001 294 4045 errorem
322 3979 384 4043 nisi
413 3978 469 4067 qui
497 3977 596 4043 nimio
626 3979 803 4043 excusandi
830 3978 959 4045 ducitur
992 3979 1097 4045 studio
1123 4001 1217 4044 nemo
1245 3991 1373 4048 statuet.
1403 3971 1406 3976 ¹

155 4080 383 4169 comprobetur
405 4091 511 4146 autem
534 4080 596 4145 hoo
613 4081 771 4165 exemplo,
795 4079 881 4164 quod
905 4082 969 4145 lam
991 4081 1168 4146 identidem
1191 4082 1371 4159 statuimus,

155 4206 261 4274 nequa
277 4184 465 4249 histrionem
481 4205 585 4271 neque
601 4194 764 4248 auctorem
784 4182 978 4248 recensionis
993 4179 1232 4249 Ambrosianus
1246 4183 1371 4249 hiatum

154 4287 189 4353 in
216 4287 354 4353 diaeresi
382 4286 556 4372 septenarii
590 4285 746 4352 trochaici
775 4285 936 4351 vitavisse.
970 4300 1111 4353 ceterum
1135 4288 1176 4354 ef.
1197 4288 1285 4351 Asin.
1308 4288 1372 4353 668

156 4390 332 4484 ,prehende
352 4389 529 4454 auriculis‘.

1176 4507 1227 4564 10*
