3038 5220
655 209 856 309 ’,Ι-36-

146 415 329 500 suspicatus
357 413 435 477 sim·
481 434 609 478 versum
639 413 861 479 Palatiuorum
893 435 931 478 ex
963 424 1055 499 parte
1083 423 1195 480 natum
1224 434 1295 480 esse
1324 435 1366 479 ex

147 539 259 583 versus
284 516 430 581 stenar
455 515 543 603 ,quid
567 515 643 579 mihi
661 529 756 600 opust
778 515 913 580 decurso
935 517 1049 579 aetatis
1065 517 1170 602 spatio
1193 538 1270 582 eum
1285 517 1366 582 meis

79 640 85 651 ·
146 620 268 687 Gerere
291 619 421 684 bellum‘
449 617 685 695 recordatione,
714 619 842 706 qualern
876 618 1021 682 histrioni
1050 640 1113 683 non
1143 620 1251 684 minus
1281 631 1368 685 certe

147 745 244 809 quarn
258 722 468 807 grammatico
491 719 632 786 tribuere
647 743 827 806 possumus,
842 719 1037 806 Niemeyero
1059 721 1198 787 libenter
1212 721 1366 787 concedo.

147 847 210 912 qua
227 825 261 888 in
275 846 381 889 rerum
399 823 597 901 condicione,
621 845 693 888 cum
710 824 798 888 nullo
813 823 909 888 modo
923 845 1062 901 versum,
1084 824 1213 911 qualern
1228 824 1368 890 Plautus

146 928 215 1013 ipse
238 926 382 1013 scripsit,
411 927 590 1011 reciperare
618 928 793 1014 possimus,
824 927 905 991 nibil
934 939 1033 991 restat
1063 927 1125 991 nisi
1152 940 1188 992 ut
1217 918 1369 993 erunibus

144 1028 372 1094 mutationibus
402 1029 601 1093 abstinentes
635 1028 667 1093 iu
698 1039 823 1095 textum
855 1051 950 1116 quem
987 1041 1103 1095 vocant
1139 1052 1268 1095 versum
1298 1031 1369 1096 eius

144 1130 352 1208 recensionis,
385 1131 419 1194 iu
447 1153 512 1218 qua
542 1131 672 1194 omuino
698 1130 795 1194 crisin
821 1129 1007 1195 fabularum
1036 1130 1261 1195 Plautiuarum
1290 1153 1365 1196 cou-

145 1232 285 1297 dendam
312 1255 381 1296 esse
411 1233 647 1310 intelleximus,
681 1233 865 1298 Palatinam
892 1233 980 1308 dico,
1012 1233 1215 1317 recipiamus.
1266 1242 1368 1320 atque

144 1357 218 1399 cum
235 1335 268 1398 in
284 1335 416 1399 historia
433 1335 545 1400 critica
562 1336 673 1400 harum
692 1334 873 1401 fabularum
893 1357 930 1398 ea
947 1337 988 1399 sit
998 1334 1192 1421 gravissima
1204 1335 1367 1422 quaestio,

139 1450 216 1503 utra
238 1438 424 1502 recensione
447 1438 618 1524 scriptores
642 1437 781 1502 Romani
806 1438 926 1524 singuli
954 1437 1089 1524 siugulis
1112 1436 1192 1501 loeis
1215 1437 1267 1503 usi
1291 1437 1367 1515 siut,

146 1562 186 1604 ne
215 1540 381 1604 levissima
411 1540 541 1627 quidem
570 1541 723 1626 vestigia,
755 1539 872 1626 quibus
904 1539 1026 1626 aliquid
1064 1537 1219 1604 illustrari
1254 1540 1367 1626 possit,

147 1643 382 1707 contemnenda
418 1660 501 1710 sunt.
572 1643 722 1729 quocirca
760 1665 825 1706 nou
867 1641 1077 1705 omittendum
1115 1661 1185 1704 esse
1225 1639 1366 1706 arbitror

146 1745 347 1823 Ciceronem,
370 1767 443 1809 cum
461 1748 570 1810 desen.
587 1745 629 1811 72
651 1744 760 1823 ,breve
777 1745 863 1809 vitae
880 1744 1050 1831 reliquum‘
1073 1743 1169 1826 dieat,
1188 1743 1216 1806 si
1233 1745 1364 1809 omniuo

80 1867 84 1873 ·
143 1847 239 1912 huius
262 1847 324 1911 loci
345 1847 488 1912 Plautini
512 1848 666 1924 meminit,
694 1847 875 1933 respexisse
903 1869 1031 1912 versum
1054 1845 1288 1913 Palatinorum.
1333 1857 1366 1912 ut

145 1951 230 2014 enim
259 1951 394 2015 eandem
424 1972 497 2014 cum
526 1951 565 2014 iis
596 1951 739 2015 servavit
764 1949 1007 2014 collocationem
1042 1945 1231 2024 verborum,
1265 1948 1315 2012 ita
1342 1947 1366 2011 si

144 2051 348 2118 Ambrosiani
380 2074 492 2117 versus
525 2052 711 2117 recordatus
739 2062 835 2133 esset,
866 2049 1001 2115 verbum
1022 2050 1173 2136 reliquam
1200 2072 1263 2114 uon
1294 2049 1365 2115 sub·

145 2153 274 2218 stantivi
297 2154 368 2218 loco
391 2154 601 2234 adhibuisset,
625 2153 682 2217 sed
705 2157 837 2239 apetium
860 2153 1047 2219 addidisset.

230 2256 304 2320 Non
327 2256 441 2341 magis,
466 2279 564 2343 quarn
593 2256 643 2320 his
668 2256 812 2323 versibus
836 2257 1005 2344 quisquam
1033 2254 1125 2321 uobis
1156 2255 1368 2339 persuadebit

144 2359 419 2443 grammaticis
442 2358 552 2424 deberi
575 2360 634 2423 has
657 2358 874 2424 diversitates:

194 2462 274 2527 Tadu.
299 2460 382 2525 1069

233 2564 278 2627 A:
307 2563 405 2640 Hem,
435 2563 506 2650 quis
530 2577 578 2627 est
606 2564 660 2651 qui
684 2564 876 2628 mentionem
911 2562 1023 2627 homo
1056 2559 1232 2625 hominis
1266 2559 1369 2624 fecit

1107 2663 1254 2749 optumi?

226 2767 269 2833 P:
297 2767 394 2844 Hem,
428 2768 500 2856 quis
524 2780 571 2831 est
599 2768 654 2855 qui
682 2769 876 2833 mentionem
909 2767 1011 2832 facit
1045 2767 1158 2831 homo
1194 2765 1368 2830 hominis

1112 2867 1261 2957 optumi?

146 2971 201 3036 ubi
242 2973 460 3058 discrepantia
499 2984 680 3057 temporum
712 2973 882 3038 coniuncta
918 2994 991 3037 cum
1030 2972 1158 3037 diversa
1193 2971 1367 3036 verborum

145 3075 356 3139 collocatione
380 3075 561 3159 corrigendi
587 3075 755 3140 eonsilium
772 3088 926 3161 arguuut3
949 3075 1054 3140 utrius
1078 3096 1154 3139 vero
1166 3074 1366 3139 recensionis

145 3178 332 3242 memoriam
356 3179 537 3262 praeferam
560 3177 678 3242 dubius
701 3179 833 3254 haere03
862 3178 902 3243 cf.
928 3177 1013 3243 &tra
1038 3177 1102 3241 229
1124 3175 1216 3261 ,Quis
1240 3177 1295 3242 hic
1319 3189 1366 3242 est

145 3281 201 3368 qui
223 3280 390 3366 loquitur?
417 3282 424 3364 ll
453 3280 581 3367 quoiam
606 3303 717 3345 vocem
740 3303 800 3365 ego
824 3280 955 3346 audio?‘
983 3278 1047 3345 304
1069 3279 1176 3355 ,heus,
1200 3277 1364 3355 Curculio,

144 3393 176 3448 te
200 3383 282 3449 volo.
306 3385 314 3469 ll
336 3382 419 3466 Quis
442 3393 546 3462 vocat,
572 3383 644 3469 quis
667 3385 810 3448 nominat
832 3382 926 3447 mel‘.
952 3381 1026 3446 vide
1049 3382 1145 3446 etiam
1169 3382 1269 3468 Epid.
1293 3382 1367 3447 201.

144 3487 233 3552 Most.
268 3484 338 3551 784.
375 3485 461 3571 Copt.
495 3485 568 3552 834.
603 3498 714 3551 contra
748 3486 817 3552 Mil.
849 3487 924 3570 plor.
963 3484 1042 3548 1012
1076 3505 1184 3570 ,quem
1217 3505 1280 3568 ego
1316 3483 1366 3549 hic

144 3588 287 3653 audivi?‘
324 3588 416 3655 Stich.
440 3587 679 3676 372¹,1nteribi
707 3588 924 3675 Epignomum
953 3585 1148 3672 conspicio.
1173 3637 1180 3652 .
1206 3632 1213 3649 .
1238 3586 1247 3672 ll
1271 3585 1364 3668 Hem,

147 3690 248 3776 quid?
271 3689 491 3776 Epignomum
514 3690 702 3756 elocutu’s‘l‘

189 3792 287 3860 Sciet:
304 3792 367 3856 640

229 3893 277 3959 A:
302 3893 419 3981 Neque
441 3916 502 3980 ego
525 3894 586 3958 hoe
609 3893 816 3970 committam,
841 3907 875 3957 ut
898 3915 948 3957 me
971 3913 1041 3956 esse
1064 3913 1175 3957 omnes
1199 3903 1360 3958 mortuum

958 3995 1068 4059 dicant
1089 3993 1174 4059 fame

230 4098 272 4162 P:
295 4097 411 4185 Neque
446 4121 507 4184 ego
537 4099 597 4162 hoe
625 4098 838 4181 committam,
874 4109 908 4162 ut
942 4099 1086 4161 homiues
1118 4109 1281 4163 mortuum
1316 4121 1363 4164 me

957 4200 1067 4265 dicant
1087 4198 1183 4269 same.

148 4300 186 4363 de
215 4299 452 4377 Palatiuorum,
483 4301 538 4386 qui
569 4322 697 4364 versum
721 4301 885 4366 turbatum
908 4302 1079 4381 exhibent,
1100 4303 1246 4390 genuina
1267 4304 1363 4390 serip-

147 4413 216 4463 tura
238 4401 369 4466 difficile
392 4413 441 4466 est
462 4402 620 4486 iudicare3
644 4425 742 4490 quam
764 4406 824 4469 etsi
845 4404 999 4471 facillime
1020 4404 1068 4471 sic
1084 4408 1253 4474 restituere
1277 4407 1361 4474 vide·
