3038 5220
651 236 854 336 Qu*

228 439 355 527 Quibus
380 441 462 507 locis
483 440 511 504 si
540 438 694 505 addidero
717 441 812 528 Fpa‘d.
835 439 913 518 606,
941 439 981 504 de
1004 439 1156 528 quoiam
1177 462 1278 530 supra
1301 442 1366 528 egi,

144 544 303 619 exhausta
325 554 374 612 est
396 545 490 631 copia
512 542 665 621 locorum,
689 565 769 627 quos
791 542 854 608 huo
875 542 1069 628 pertinentes
1092 542 1218 629 collegi.

228 645 293 714 Sed
316 668 356 713 ne
379 645 519 711 Palatini
542 644 672 728 quidem
695 644 853 711 eiusmodi
876 643 1100 712 conaminibus
1123 657 1255 710 vacant:

190 749 257 818 Gar.
280 748 361 836 prol
384 748 426 814 67

227 853 273 918 A:
296 851 380 919 Sunt
401 850 454 916 hic
475 850 560 915 inter
581 871 616 915 se
637 871 718 935 quos
739 870 827 917 nuno
849 850 944 915 credo
966 850 1074 916 dicere

227 955 270 1026 P:
293 954 375 1023 Sunt
398 954 452 1021 bic
474 975 555 1041 quos
578 951 674 1018 oredo
696 973 783 1018 nunc
805 951 889 1017 inter
911 974 945 1018 se
967 952 1085 1018 dicere.

188 1059 255 1125 cae.
276 1058 357 1145 prol.
379 1057 422 1122 60
443 1056 491 1122 A:
515 1055 617 1120 filium
638 1053 739 1119 sensit
759 1076 853 1121 suurn

439 1157 486 1224 P:
509 1158 610 1222 sensit
630 1156 735 1222 filium
754 1178 857 1225 suum.

145 1264 174 1329 P
195 1261 401 1349 illegitimum
423 1261 458 1326 in
481 1260 592 1345 quinto
615 1259 732 1324 senarii
755 1259 838 1347 pede
860 1259 1004 1327 iambum
1026 1259 1193 1347 praebent.

185 1365 355 1433 Mero.544
376 1364 422 1428 A:
452 1362 600 1428 Tandem
622 1362 811 1449 impetravi,
840 1384 892 1428 me
915 1373 1043 1449 egomet
1065 1373 1102 1430 ut
1125 1386 1366 1451 corrumperem

379 1465 422 1530 P:
449 1464 596 1531 Tandem
616 1464 805 1550 impetravi,
834 1475 871 1531 ut
892 1476 1020 1551 egomet
1039 1488 1091 1532 me
1115 1488 1366 1553 corrumperem.

192 1570 273 1635 Tria.
304 1570 344 1635 51
374 1567 440 1633 A:'
454 1565 543 1651 Quid
565 1567 621 1634 uta
644 1567 713 1654 agit
735 1568 839 1634 uxor?

377 1669 422 1735 P:
451 1669 538 1755 Quid
561 1671 628 1757 agit
650 1681 706 1738 tua
728 1671 834 1738 uxor?

190 1773 271 1840 Μ.
286 1772 349 1838 388
370 1772 419 1838 A:
449 1771 595 1840 Gravius
614 1785 706 1840 tuum
727 1773 788 1840 erit
809 1796 910 1841 unum
933 1773 1067 1840 verbum

378 1873 424 1940 P:
454 1875 599 1942 Gravius
620 1877 681 1942 erit
702 1887 794 1943 tuum
816 1900 917 1943 unum
939 1875 1084 1943 verbum.

190 1979 272 2045 Tria.
287 1977 350 2044 376
372 1977 421 2045 A:
449 1977 511 2042 boo
532 1988 627 2064 pacto
649 1978 691 2044 ab
713 1978 768 2043 illo
790 2000 951 2045 summam
973 1977 1070 2045 inibis
1092 1979 1232 2066 gratiam

378 2079 423 2145 P:
447 2079 509 2144 boc
531 2092 628 2165 pacto
650 2079 769 2146 abillo
792 2080 888 2146 inibis
912 2103 1071 2146 summam
1093 2083 1242 2167 gratiam.

189 2184 271 2248 Tria
287 2181 350 2249 652
370 2182 421 2248 A:
449 2182 561 2270 Atque
583 2183 680 2248 istum
703 2205 764 2270 ego
786 2206 901 2271 agrum
924 2184 984 2250 tibi
1006 2184 1145 2272 relinqui
1162 2225 1205 2236 -
1221 2196 1340 2274 expeto

377 2285 420 2350 P:
449 2286 561 2371 Atque
583 2307 644 2372 ego
665 2286 763 2353 istum
785 2309 901 2375 agrurn
924 2287 983 2353 tibi
1005 2309 1032 2353 e.
1057 2311 1088 2376 q.
1112 2309 1138 2351 s.

192 2390 272 2453 Trio.
287 2388 350 2453 451
374 2388 423 2453 A:
451 2387 598 2454 Mearum
621 2411 672 2455 me
695 2411 802 2456 rerum
822 2389 951 2455 novisse
974 2400 1144 2475 aequomst
1164 2390 1312 2457 ordinem

379 2491 421 2556 P:
447 2490 594 2557 Mearum
616 2514 725 2557 rerum
746 2514 797 2558 me
818 2491 946 2557 novisse
968 2502 1136 2580 aequomst
1158 2493 1313 2560 ordinem.

185 2593 277 2671 Boon.
295 2593 358 2660 966
379 2589 430 2659 A:
454 2603 526 2659 tuas
548 2603 580 2657 te
602 2594 769 2681 popularis
790 2596 857 2682 pati
879 2595 1009 2662 Servire

374 2695 418 2760 P:
441 2708 472 2762 te
493 2706 566 2761 tuas
588 2695 753 2782 popularis
775 2696 844 2782 pati
866 2697 1004 2766 Servire.

185 2799 296 2866 Pseud.
319 2797 382 2864 743
403 2798 453 2864 A:
477 2821 548 2864 meo
571 2821 623 2863 me
645 2796 722 2863 ludo
743 2797 903 2863 lamberas

405 2899 451 2965 P:
473 2923 525 2967 me
547 2923 620 2965 meo
641 2900 718 2966 ludo
740 2899 910 2967 lamberas.

187 3003 257 3068 Mil.
278 3003 354 3088 plor.
377 3003 440 3069 373
462 3003 513 3069 A:
535 3003 590 3068 Ibi
612 3003 675 3068 mei
698 3012 774 3069 sunt
796 3002 933 3068 maiores
955 3003 1008 3069 siti

461 3104 506 3169 P:
530 3104 583 3170 Ibi
605 3104 668 3169 mei
690 3105 826 3171 maiores
851 3116 927 3171 sunt
943 3105 1006 3184 siti,

141 3206 198 3272 nbi
221 3229 294 3273 cum
317 3208 524 3292 exquisitiore
546 3207 754 3274 collocatione
777 3208 874 3273 etiam
897 3217 1050 3274 accentus
1074 3209 1117 3273 ad
1141 3210 1285 3296 vulgaris
1301 3235 1366 3279 ser-

141 3310 245 3375 monis
268 3310 531 3376 consuetudinem
554 3309 753 3376 reducuntur
776 3311 809 3375 in
831 3309 868 3377 P.

184 3413 253 3481 Mil.
273 3413 349 3499 plor.
372 3413 441 3478 389·

225 3515 274 3580 A:
298 3514 386 3580 Nam
408 3516 545 3600 arguere
567 3515 599 3579 in
627 3515 748 3579 somnis
770 3515 822 3580 md
849 3537 939 3581 meus
962 3514 1042 3579 mihi
1064 3515 1235 3582 fdmiliaris
1261 3521 1371 3588 visust

226 3619 266 3682 P:
288 3617 375 3684 Nam
398 3618 534 3704 argdere
556 3618 589 3682 in
619 3616 739 3683 somnis
762 3617 1003 3683 mdzfamiliaris
1026 3639 1117 3684 meus
1148 3620 1227 3685 mihi
1251 3624 1365 3691 visust.

182 3721 294 3785 Pseud.
319 3718 401 3784 1065
422 3716 471 3784 A:
496 3719 525 3784 Ο
547 3720 720 3798 fortunate,
742 3719 940 3785 fortunatam
964 3719 1044 3785 cedo
1066 3734 1198 3789 manum

424 3820 467 3885 P:
491 3818 521 3886 0
542 3822 714 3899 fortunate,
738 3823 818 3888 cedo
840 3825 1033 3890 fortunatam
1057 3848 1196 3896 manum.

189 3923 270 3988 Trita
305 3921 389 3990 1049
421 3924 467 3987 A:
491 3946 601 3989 eorum
624 3946 666 3990 ex
688 3924 818 4012 ingenio

421 4025 466 4093 P:
490 4049 530 4091 ex
553 4049 663 4094 eorum
686 4028 825 4113 ingenio.

182 4127 281 4215 Eptd.
303 4126 365 4192 238
393 4128 541 4206 ‚Paulum
570 4128 610 4195 ab
639 4129 703 4195 illis
732 4130 975 4198 dissimulabam
1002 4155 1112 4200 earum
1139 4135 1273 4221 dporam
1300 4159 1364 4203 ser-

141 4231 230 4296 moni
252 4230 340 4295 dare‘
354 4230 399 4306 A,
422 4230 571 4309 ‚Paulum
595 4231 636 4296 ab
659 4232 722 4297 illis
744 4233 987 4300 dissimulabam
1008 4259 1061 4302 me
1083 4237 1199 4303 harum
1221 4241 1363 4305 sermoni

143 4354 277 4421 operam
299 4334 388 4400 dare‘
410 4333 450 4413 P,
479 4335 535 4401 ubi
556 4357 604 4400 me
624 4336 734 4400 darom
762 4358 826 4401 non
854 4337 946 4402 alteri
967 4339 1147 4404 recensioni
1175 4339 1233 4404 sad
1261 4343 1365 4408 errori

141 4434 348 4506 tribuendum
370 4458 494 4510 censeo.
537 4438 793 4528 transpositionis
820 4439 854 4508 in
876 4440 905 4508 P
927 4440 1033 4509 factae
1061 4441 1143 4509 ratio
1165 4441 1280 4510 eadem
1302 4453 1373 4524 est.
