3038 5220
780 260 800 324 8

685 351 885 359 ———

177 466 302 530 sionum
323 463 534 545 diversitates,
558 463 614 529 nbi
636 464 714 529 satis
736 464 830 530 firma
851 463 962 539 indicii
978 464 1189 530 fundamenta
1202 487 1266 529 non
1283 489 1396 554 suppe-

176 566 299 644 tebant,
323 587 419 653 saepe
439 566 583 630 indicare
606 568 683 631 satis
705 566 847 645 haberet,
869 589 961 631 snam
982 588 1060 631 vero
1082 567 1183 654 ipsios
1203 569 1396 636 sententiam

180 689 394 756 praepropere
417 668 541 755 aperire
564 668 738 756 prudenter
760 670 885 736 vitaret

263 770 376 835 Totins
402 793 479 836 vero
501 772 698 855 quaestionis
720 772 910 850 solvendae,
952 771 994 836 ad
1020 793 1117 856 quam
1155 769 1398 842 Studemnndus
1450 829 1454 835 .

177 871 312 959 aggredi
346 872 471 950 noluit,
502 874 683 958 periculum
720 875 797 940 fecit
834 874 1077 940 Maximilianus
1118 873 1331 962 Niemeyer
1363 878 1398 943 in

178 974 399 1040 dissertatione
432 974 634 1040 Berolinensi
676 980 714 1042 de
741 979 849 1043 Plauti
872 978 1054 1065 fabularum
1080 980 1244 1041 manubria
1283 981 1401 1066 duplici

178 1101 206 1144 a.
231 1077 312 1142 1877
341 1078 476 1164 scripta,
505 1078 550 1141 ita
580 1079 725 1166 quidem,
756 1092 792 1146 ut
818 1103 937 1168 magno
963 1080 1105 1144 locorum
1132 1080 1164 1144 in
1196 1080 1297 1145 altera
1323 1094 1397 1150 utra

178 1178 327 1245 codicum
364 1179 489 1246 familia
525 1182 745 1247 recensionem
789 1181 992 1270 prodentium
1036 1205 1170 1248 nurucro
1213 1186 1398 1253 examinato

179 1281 417 1348 Ambrosianae
439 1284 634 1349 recensionis
662 1285 891 1371 praestantiam
919 1285 1113 1350 defenderet.
1163 1286 1218 1370 qni
1249 1290 1396 1374 quamvis

179 1387 334 1452 nonnulla
357 1386 505 1451 videatur
527 1385 607 1451 bene
622 1386 875 1464 administrasse,
897 1397 1004 1451 tamen
1021 1397 1053 1451 et
1067 1386 1165 1452 nimio
1179 1388 1393 1455 Ambrosiano

179 1487 400 1577 patrocinandi
439 1489 545 1554 studio
581 1489 788 1577 praepeditus
828 1501 860 1554 et
897 1489 1051 1553 sermonis
1095 1492 1393 1580 consuetudinisque

177 1592 347 1657 Plautinae
381 1615 496 1678 parum
530 1593 674 1658 curiosus
702 1616 722 1657 a
747 1604 835 1658 recta
868 1591 1155 1677 argumentationis
1185 1594 1238 1657 via
1267 1595 1395 1682 saepius

180 1693 341 1759 aberravit
348 1719 357 1772 ;
391 1695 492 1758 cuins»
510 1695 556 1759 rei
586 1697 736 1782 exempla
758 1697 829 1783 ipsa
851 1695 932 1759 baec
954 1695 1179 1761 commentatio
1201 1695 1302 1759 multa
1325 1695 1398 1761 sub-

178 1797 383 1867 ministrabit.
1126 1862 1128 1866 ³

263 1901 379 1965 Restat
411 1911 448 1963 ut
479 1899 639 1985 quomodo
675 1900 745 1986 ipse
779 1921 845 1964 rem
879 1896 1070 1961 instituerim
1104 1895 1216 1980 paucis
1249 1894 1398 1959 indicem.

184 2018 279 2088 atque
302 2002 388 2086 quod
412 2025 432 2066 a
451 2002 681 2088 disceptatione
704 2000 819 2066 seclusi
837 2021 940 2085 paene
958 2021 1069 2063 omnes
1092 2020 1203 2063 earum
1216 1996 1399 2062 fabularum

178 2107 281 2183 locos,
315 2127 440 2188 quasa
461 2104 639 2169 Ritschelio
667 2106 837 2191 operisque
865 2101 959 2167 sociis
988 2101 1072 2165 iusto
1095 2113 1254 2186 apparatu
1288 2100 1400 2165 critico

179 2209 352 2272 instructae
380 2206 522 2270 nondum
556 2206 760 2292 prodierunt,
793 2204 1003 2289 Captivorum
1032 2203 1170 2268 Oasinac
1198 2201 1400 2269 Cistellariac

178 2309 351 2386 Rudentis,
390 2322 638 2375 consentaneum
681 2321 739 2374 est.
798 2309 994 2391 reliquarum
1035 2307 1067 2370 in
1111 2329 1248 2372 examen
1284 2307 1399 2371 vocavi

180 2435 289 2476 ornnes
319 2434 448 2489 versus,
485 2412 542 2478 ubi
571 2413 605 2476 A
632 2427 664 2475 ct
692 2412 722 2476 P
750 2411 897 2476 codicum
927 2409 1162 2497 discrepantiae
1189 2433 1261 2476 cum
1291 2411 1399 2498 aliqua

180 2513 407 2600 probabilitate
441 2536 483 2578 ex
516 2514 700 2578 recensione
734 2515 766 2575 in
801 2511 901 2574 altera
935 2522 1009 2576 ntra
1041 2511 1164 2576 familia
1196 2513 1282 2576 facta
1316 2512 1398 2576 deri-

179 2618 248 2680 vari
289 2628 436 2702 poterant
477 2616 616 2682 exclusis
654 2615 694 2679 iis
727 2614 930 2691 differentiis,
971 2636 1054 2701 quae
1092 2614 1199 2680 verbis
1234 2637 1296 2678 non
1330 2637 1397 2679 mu·

179 2720 254 2784 tatis
283 2721 317 2784 in
346 2720 413 2784 sola
441 2741 592 2784 versuum
620 2717 890 2800 discriptione
916 2717 1164 2803 conspiciuntur.
1221 2718 1266 2781 ita
1288 2729 1395 2782 autem

179 2823 346 2886 materiam
365 2821 532 2886 collectam
549 2820 703 2905 disposui,
721 2830 757 2883 ut
767 2821 904 2905 primum
918 2832 1013 2904 caput
1025 2819 1243 2897 Ambrosiani,
1259 2820 1396 2884 alterum

178 2923 401 2988 Palatinorum
440 2923 619 2988 recensioni
652 2920 851 2986 attribuerim
882 2923 1129 3008 grammaticae,
1169 2944 1233 3009 quo
1266 2921 1395 2986 nomine

180 3027 392 3091 correctiones
416 3027 581 3106 metricas,
606 3024 827 3112 prosodiacas,
850 3023 892 3089 ob
915 3024 1082 3110 archetypi
1108 3024 1241 3088 lacunas
1269 3035 1326 3088 aut
1355 3024 1397 3088 ad

181 3128 371 3192 sententiam
400 3128 624 3212 corrigendam
652 3127 829 3204 institutas,
853 3126 990 3214 denique
1013 3126 1141 3212 proprie
1170 3127 1395 3214 grammaticas

185 3231 431 3316 comprehendo.
496 3231 530 3294 in
572 3230 664 3294 tertio
708 3230 812 3315 capite
850 3229 988 3315 primum
1024 3228 1063 3293 de
1100 3251 1290 3294 scaenarum
1324 3250 1393 3293 cum

180 3331 441 3417 inscriptionibus
469 3345 538 3397 tum
566 3332 823 3398 distinctionibus
850 3354 909 3418 per
940 3334 1140 3398 recensiones
1172 3332 1305 3396 diversis
1335 3329 1393 3393 dis-

181 3433 363 3519 putabitur,
402 3433 518 3497 deinde
557 3433 748 3518 colligentur
774 3434 796 3497 ii
828 3434 904 3510 loci,
943 3434 1060 3521 quibus
1088 3446 1119 3498 et
1145 3435 1394 3501 Ambrosianum

182 3550 212 3601 et
242 3536 403 3601 Palatinos
433 3558 475 3600 ex
502 3535 635 3600 diversis
664 3535 855 3601 histrionum
877 3536 1114 3622 exemplaribus
1143 3536 1302 3603 derivatos
1325 3553 1394 3596 esse

184 3639 391 3726 intellegitur.
441 3648 590 3726 quartum
619 3637 799 3702 versabitur
826 3638 858 3701 in
888 3659 997 3702 eorum
1020 3639 1162 3704 locorum
1186 3635 1396 3712 enarratione,

183 3740 299 3828 quibus
333 3741 394 3805 viri
428 3738 512 3806 docti
540 3741 712 3805 lectionum
747 3731 979 3824 discrepantias
1009 3762 1050 3804 ex
1078 3738 1263 3805 recensendi
1291 3735 1397 3802 studio

182 3844 263 3908 falso
287 3843 514 3928 repetiverunt.
558 3865 640 3926 quae
655 3863 697 3905 cx
719 3842 869 3906 universa
887 3839 1102 3928 disputatione
1118 3842 1294 3927 prodierint
1309 3840 1398 3925 leges

184 3946 323 4027 criticae,
346 3945 379 4009 in
402 3946 513 4034 quinto
535 3944 677 4010 breviter
693 3943 991 4029 comprehendetur.
