3038 5220
741 302 782 364 69

659 392 859 404 υ-α--υα-

104 456 137 471 .—

104 474 240 586 ..43330
276 507 381 591 Quam
405 506 430 569 si
455 506 496 569 ad
519 504 702 589 sepulcrum
719 517 844 569 mortuo
868 504 951 568 dixit
972 504 1086 588 logos‘.
1114 504 1161 568 sic
1175 502 1370 567 Ritsehelius

104 668 135 712 ,Ξ
145 611 277 696 scripsit
313 611 475 695 profectus
511 608 551 672 ab
584 607 820 686 Ambrosiam,
856 608 911 692 qui
938 608 1049 671 diderat
1078 607 1219 692 praebet.
1259 616 1293 670 at
1315 605 1370 690 qui

151 715 235 778 Tria
258 713 332 777 409.
354 712 418 775 410

276 831 353 896 Non
374 829 482 895 hercle
504 829 609 892 minus
633 829 760 893 divorse
783 828 970 894 distrahitur
992 829 1055 892 cito

104 1032 111 1041 ¹
277 950 383 1034 Quam
407 951 433 1013 si
456 958 489 1013 tu
513 948 667 1013 obicias
689 948 832 1013 formicis
854 970 1050 1033 papaverem

146 1054 333 1129 contulerit,
369 1051 591 1115 Palatinorum
626 1051 813 1114 memoriam
847 1051 930 1113 dicat
962 1050 1120 1114 immerito
1154 1059 1370 1133 contemptam

147 1178 219 1220 esse
249 1153 413 1218 concedet.
458 1151 695 1216 Ambrosianae
729 1161 837 1214 autem
869 1152 1063 1216 recensionis
1091 1161 1203 1216 auctor
1235 1150 1369 1216 verbum

148 1270 269 1322 oaortao
290 1279 347 1341 per
370 1255 531 1340 synizesin
553 1255 585 1317 in
609 1253 690 1317 duas
713 1252 856 1337 syllabas
880 1253 1077 1317 contraxisse
1100 1253 1236 1318 videtur.

233 1353 1370 1457 ummammmmmmmfflffia

146 1479 272 1560 exitio‘3
291 1479 377 1560 fuere
387 1477 429 1542 A.
457 1477 693 1541 Ambrosianus
705 1499 876 1563 perperam
894 1476 935 1540 ab
954 1474 1128 1540 editoribus
1140 1473 1295 1559 probatus
1307 1487 1369 1556 est3

145 1582 231 1645 male
249 1581 333 1644 enim
357 1592 473 1644 coeunt
491 1602 562 1644 cum
576 1581 814 1666 perfectofaere
838 1601 875 1643 ea
898 1600 981 1662 quae
1004 1587 1181 1662 sequuntur
1204 1580 1372 1663 aipaamai

144 1687 277 1770 perisset,
309 1705 398 1767 quom
421 1683 510 1745 limen
532 1685 722 1755 scinderetur,
752 1681 786 1744 id
809 1681 895 1764 quod
919 1680 1059 1746 dilucide
1082 1692 1308 1767 cognoscetur,
1343 1679 1370 1743 si

147 1785 306 1848 sententia
330 1783 372 1847 ad
394 1784 574 1869 simplicem
603 1786 741 1849 formam
764 1784 895 1848 redacta
922 1783 996 1860 erit,
1026 1805 1108 1870 quae
1131 1786 1161 1846 A
1185 1782 1266 1847 duce
1290 1781 1370 1846 haec

148 1898 211 1951 est:
234 1886 306 1963 ,Ilio
321 1887 430 1951 audivi
448 1887 547 1951 exitio
562 1888 691 1951 fuisse
707 1887 734 1949 si
747 1890 892 1971 perisset,
908 1909 1004 1972 quom
1021 1886 1241 1948 scinderetur!
1276 1883 1370 1949 unice

148 2001 258 2054 autem
274 2000 350 2074 apta
366 2001 414 2053 est
432 2012 529 2072 quam
547 1987 743 2073 Ppraebent
759 1989 928 2052 sententia:
947 1987 1068 2065 ‚audivi
1082 1986 1145 2050 Ilio
1161 1987 1261 2051 exitio
1276 1988 1370 2064 fore,

147 2092 176 2155 si
198 2092 347 2176 perisset,
371 2114 467 2174 quom
491 2090 708 2154 scinderetur.‘
753 2090 905 2172 quocirca
933 2112 1006 2153 oum
1036 2087 1209 2175 Spengelio
1231 2090 1371 2175 Reform-

147 2196 268 2258 ocracld.
285 2218 316 2279 p.
332 2193 410 2279 345)
432 2192 600 2257 Palatinos
624 2190 839 2276 probaverim,
863 2213 1060 2274 quamquam
1090 2189 1248 2255 dubitatio
1278 2192 1370 2255 relin-

148 2297 269 2383 quitur,
292 2296 378 2380 quod
396 2297 554 2380 correptio
572 2296 660 2359 vocis
680 2292 779 2371 fdrdat
796 2293 849 2357 hic
865 2305 990 2357 tantum
1012 2294 1045 2355 in
1062 2293 1180 2357 Plauto
1199 2294 1370 2358 invenitur.

235 2414 287 2477 Ad
322 2415 385 2478 alia
418 2437 539 2501 genera
572 2413 766 2479 recensionis
800 2416 1031 2500 grammaticae
1060 2413 1093 2477 in
1125 2415 1156 2477 A
1190 2416 1294 2479 factae
1317 2437 1370 2500 ag-

150 2540 319 2604 gressurus
359 2517 498 2602 primum
539 2519 571 2580 in
613 2517 789 2600 legentium
824 2516 946 2581 animos
985 2516 1159 2594 revocabo,
1205 2539 1285 2602 quas
1318 2540 1371 2582 no·

148 2621 247 2685 vendi
275 2621 416 2685 rationes
440 2619 547 2685 adhuc
578 2619 832 2706 cognoverimus.
877 2633 974 2704 atque
997 2618 1098 2683 tribus
1127 2619 1259 2707 quidem
1292 2620 1371 2684 locis
1474 2618 1479 2628 '

148 2722 250 2806 (Tria.
275 2723 348 2787 328.
373 2723 446 2786 361.
471 2722 561 2807 364.)
585 2723 723 2787 vidimus
746 2726 834 2797 33343,
863 2725 972 2796 nevolt,
1001 2725 1133 2786 aemulta
1160 2735 1291 2799 remota,
1313 2746 1372 2786 333

148 2827 200 2897 cris,
224 2848 282 2888 333
304 2826 373 2899 oolt,
397 2849 455 2888 333
477 2826 574 2888 malta
597 2824 770 2889 substituta
786 2846 863 2888 esse.
910 2824 1026 2888 deinde
1041 2850 1109 2899 333,
1133 2825 1220 2909 quod
1235 2824 1371 2890 Plautus

149 2926 237 2990 vocis
260 2950 357 2990 33333
385 2927 455 2991 vice
477 2914 625 3004 adhibet,
655 2926 758 2991 tribus
785 2927 862 2991 locis
892 2927 1082 2992 coniecturis
1112 2928 1283 3013 expulsum
1306 2937 1369 3006 est3
1481 3008 1487 3020 .

148 3051 208 3093 nec
245 3052 306 3091 non
346 3039 526 3093 structurae
564 3029 773 3094 correlativae
818 3051 915 3115 quam
950 3051 1102 3094 vocamus
1135 3031 1365 3117 proprietatem

148 3131 244 3195 huius
289 3133 482 3196 recensionis
523 3141 634 3196 auctor
670 3130 799 3195 sustulit
832 3132 928 3217 Efpid.
955 3133 1027 3197 606.
1087 3131 1153 3196 Coa
1182 3132 1291 3210 1116,
1320 3133 1370 3198 18.

154 3235 240 3300 Trac.
277 3234 347 3301 184.
386 3237 497 3298 Pseud.
529 3235 602 3299 404.
626 3273 668 3282 -
703 3233 797 3297 Stich.
828 3233 893 3296 624
926 3248 956 3298 et
980 3236 1068 3301 Most.
1098 3235 1161 3300 793
1195 3235 1236 3299 ad
1275 3236 1370 3300 inter·

148 3336 346 3420 rogationes,
376 3359 459 3419 quae
490 3336 640 3399 dicuntur
669 3335 844 3420 ellipticae,
872 3335 971 3401 verba
1002 3337 1112 3401 addita
1135 3349 1217 3404 sunt.
1263 3338 1369 3403 verbis

149 3438 298 3503 obsoletis
339 3439 426 3503 velut
460 3451 547 3524 putta
586 3441 690 3502 coadl'
724 3439 851 3524 (Pseud.
875 3440 969 3524 397),
1005 3442 1117 3503 vetatur
1154 3441 1260 3526 (Marc.
1283 3441 1370 3528 314),

150 3543 272 3604 columis
298 3542 397 3625 (Tria.
421 3540 512 3626 743),
544 3543 706 3628 graphione
732 3543 854 3626 (Pseud.
879 3542 970 3626 700),
1000 3543 1054 3606 aab
1082 3545 1137 3606 diu
1166 3543 1270 3627 (Most.
1293 3545 1371 3630 765)

150 3643 298 3730 vulgaria
326 3642 406 3708 haec
440 3646 601 3728 quicquam
629 3645 733 3707 cooailc’
764 3644 872 3729 pleae,
900 3645 1070 3718 incolumia,
1100 3647 1203 3719 scitae,
1236 3647 1290 3709 aab
1312 3648 1371 3710 sole

149 3745 333 3822 substituta,
357 3769 415 3832 pro
438 3745 611 3810 rarioribus
635 3744 827 3810 dictionibus
846 3745 1026 3808 usitatiores
1048 3746 1172 3829 positae
1194 3757 1268 3810 sunt
1282 3747 1371 3811 velut

154 3849 239 3911 Troe.
263 3847 327 3911 246
349 3848 465 3912 habitat
485 3872 544 3935 pro
565 3849 662 3926 debet,
683 3848 769 3910 Thac.
792 3847 853 3910 261
876 3851 909 3911 ia
935 3860 1037 3912 nostra
1059 3850 1147 3912 domo
1175 3871 1233 3934 pro
1255 3863 1372 3915 uestrae

151 3953 243 4015 demi.
289 3948 340 4012 his
358 3949 516 4017 accedunt

237 4071 347 4134 Paead.
371 4069 432 4133 185
455 4069 542 4152 (leno
564 4069 747 4133 meretrices
770 4068 973 4155 alloquitnrz)

235 4190 333 4256 Nune
366 4189 448 4255 adeo
486 4191 549 4255 hoc
580 4191 699 4254 factust
726 4198 910 4275 optumum,
946 4198 982 4252 ut
1014 4188 1143 4254 nomine
1177 4212 1371 4276 quomque

761 4291 919 4378 appellem
942 4313 1001 4358 suo

150 4395 184 4459 A
200 4418 358 4480 quamque.
382 4393 532 4460 Lcewius
550 4394 658 4478 (Auel.
673 4396 777 4458 Plaat.
793 4418 825 4481 p.
844 4393 935 4481 164):
949 4394 1047 4482 ,quod
1062 4417 1250 4480 quamque
1267 4395 1370 4461 codex

151 4495 292 4575 exhibet,
309 4495 517 4564 tribuendum
533 4506 582 4562 est
596 4496 651 4579 illi,
669 4496 726 4580 qui
736 4497 896 4565 recentius
911 4519 1015 4584 genus
1030 4496 1158 4567 dicendi
1172 4498 1207 4562 in
1217 4496 1371 4567 Plautum
