3038 5220
659 200 859 302 „no--

149 419 236 471 recte
262 406 459 472 Ritschelius
490 406 593 491 (Tria.
625 409 673 475 ed.
698 408 750 475 alt
771 409 874 495 praef.
897 431 928 494 p.
951 407 1082 495 LVIII)
1109 431 1192 476 eam·
1209 433 1279 477 rem
1302 436 1358 479 non

149 522 216 574 tam
240 509 430 573 necessitate
453 532 549 595 quam
574 510 683 596 aliqua
712 511 844 575 rationis
867 510 1092 596 probabilitate
1123 513 1194 598 regi
1219 514 1308 593 dicit,
1330 515 1360 581 id

151 611 191 675 de
214 609 421 675 histrionibus
451 611 630 676 dominisve
658 635 795 698 gregum
817 613 861 676 ita
884 613 1031 697 accipere
1046 636 1228 700 possumus,
1254 630 1288 682 ut
1311 640 1363 684 nec

151 714 315 800 potuerint
338 734 396 777 nec
413 713 571 778 voluerint
593 735 631 777 ea
653 736 717 799 qua
742 736 798 777 nos
820 713 1002 779 adsolemus
1020 716 1192 782 severitate
1216 740 1257 783 ac
1278 742 1363 807 saga

147 818 243 883 citata
276 816 309 880 in
343 814 555 881 distinctionis
578 837 768 881 scaenarum
807 817 945 880 rationes
978 819 1151 900 inquirere.
1186 842 1230 885 ex
1264 822 1362 890 altera

149 930 241 1005 parte
264 938 365 1003 paene
388 927 513 981 certum
541 930 589 982 est
615 918 649 981 in
672 919 797 983 scaenis
819 918 1056 1004 distinguendis
1074 923 1204 1007 saepius
1231 926 1364 993 valuisse

147 1022 302 1097 rationes,
331 1042 411 1109 quas
434 1019 526 1084 nobis
555 1021 588 1084 in
612 1043 748 1085 examen
772 1043 887 1086 vocare
911 1042 974 1085 non
996 1022 1060 1086 iam
1083 1025 1176 1109 licet;
1214 1029 1365 1095 velutad

144 1122 404 1210 persuadendum
432 1122 633 1208 aptissimum
661 1136 724 1201 est,
753 1124 839 1211 quod
862 1123 1053 1211 Spengelius
1075 1126 1095 1191 l.
1119 1149 1147 1191 c.
1171 1128 1366 1215 quibusdam

144 1227 224 1295 locis
246 1224 482 1289 distinctionem
505 1245 694 1291 scaenarum
718 1249 758 1291 ex
781 1227 910 1291 mutatis
934 1228 1213 1297 modulationibus
1237 1235 1367 1300 musicis

146 1329 307 1416 repetivit,
330 1328 386 1392 sed
409 1327 569 1410 quomodo
594 1352 645 1393 res
669 1352 745 1394 sane
768 1329 945 1414 probabilis
964 1332 1161 1416 argumentis
1184 1334 1368 1403 stabiliatur

145 1455 207 1497 non
238 1431 341 1496 video.
385 1430 428 1494 ad
461 1440 602 1495 nostram
624 1441 733 1497 autem
760 1454 827 1495 rem
856 1445 962 1496 utrum
996 1433 1051 1516 qui
1080 1454 1214 1499 scaenas
1253 1437 1369 1504 discre-

147 1546 261 1599 verunt
284 1532 403 1619 ubique
431 1554 497 1596 rem
525 1554 586 1598 acu
615 1533 780 1620 tetigerint
795 1555 896 1598 necne
925 1536 1029 1598 minus
1053 1535 1199 1621 pertinet,
1225 1540 1284 1604 scd
1307 1541 1366 1607 hoc

145 1661 246 1703 unum
261 1634 474 1722 spectandum
496 1648 553 1713 est,
576 1659 655 1699 num
677 1637 759 1699 forte
780 1637 972 1720 comparatis
995 1637 1079 1700 inter
1091 1660 1126 1702 se
1143 1643 1367 1709 recensionum

66 1770 68 1776 ·
146 1739 337 1805 testimoniis
360 1738 391 1800 iu
416 1737 517 1801 altera
539 1755 613 1801 utra
630 1739 814 1802 recensione
831 1752 1042 1803 correctorem
1066 1743 1203 1807 aveteri
1220 1742 1369 1834 bonaque

147 1840 301 1907 memoria
323 1841 364 1903 de
386 1839 545 1903 industria
574 1840 759 1904 discessisse
790 1841 950 1928 possimus
980 1853 1129 1910 statuere.
1175 1866 1280 1929 eaque
1304 1871 1369 1931 cor·

145 1943 277 2010 rectoris
301 1962 399 2027 opera
420 1941 455 2004 in
476 1941 511 2006 A
535 1942 704 2006 manifesta
726 1957 781 2008 est.

236 2047 319 2114 Troe.
333 2044 400 2111 111
417 2055 490 2131 post
511 2044 704 2128 colloquium
723 2068 796 2109 cum
810 2045 988 2111 Diniarcho
1006 2047 1149 2113 habitum
1170 2051 1367 2137 Astaphium

145 2150 213 2214 sola
245 2149 278 2212 in
312 2169 430 2212 scaena
463 2156 587 2211 restans
621 2156 737 2211 cantat.
795 2148 914 2213 distant
942 2160 1050 2214 autem
1083 2151 1114 2217 in
1146 2156 1368 2223 antecedentis

145 2275 281 2317 scaenae
303 2251 365 2314 fine
388 2260 419 2313 et
441 2249 532 2312 initio
555 2270 658 2312 novae
681 2251 883 2315 recensiones
904 2251 966 2315 ita:

230 2371 278 2435 B:
300 2369 383 2434 Redi
413 2390 488 2432 vero
520 2377 679 2431 actutum:
710 2389 770 2452 ego
793 2368 919 2435 interim
942 2381 974 2435 te
995 2373 1082 2459 apud
1110 2397 1166 2438 vos
1188 2376 1364 2461 opperibor

516 2474 885 2554 ansuescente.
925 2472 986 2556 Vt

300 2606 356 2672 Ha
377 2605 420 2669 ha
442 2605 486 2669 ha
508 2603 615 2669 hercle
637 2605 746 2688 quievi
777 2607 853 2690 quia
875 2608 958 2673 intro
980 2608 1060 2674 abiit
1082 2610 1191 2676 odium

142 2710 352 2777 Ambrosiaui
375 2708 454 2773 haec
477 2709 600 2794 species
624 2717 692 2772 est:

230 2830 314 2894 Redi
338 2851 413 2893 vero
436 2839 580 2893 actutum
596 2849 656 2913 ego
678 2829 805 2892 interim
827 2828 880 2893 hic
897 2831 983 2914 apud
1002 2855 1058 2897 vos
1081 2833 1264 2918 opperibor.
1285 2836 1293 2922 l}
1310 2836 1365 2901 Ha

552 2947 710 3032 Requievi

230 3069 316 3153 Quia
336 3069 420 3133 intro
444 3065 523 3130 abiit
546 3066 655 3130 odium
679 3089 796 3133 meum.

229 3171 290 3235 IIst
302 3170 392 3234 locus
410 3167 594 3254 gravissimi
611 3169 772 3250 momenti,
797 3169 917 3256 quippe
934 3170 1046 3254 inquo
1064 3175 1208 3236 recensio
1231 3175 1364 3243 metrica

144 3298 217 3343 cum
248 3273 396 3337 scaenica
424 3272 595 3336 coniuncta
622 3271 672 3337 sit.
701 3294 775 3334 uam
798 3272 883 3358 quod
916 3284 1029 3337 auctor
1061 3274 1255 3339 recensionis
1279 3279 1362 3343 Am·

144 3377 313 3443 brosianae
341 3376 381 3438 ba
408 3386 480 3461 post
505 3395 661 3458 personae
690 3374 829 3459 spatium
858 3375 971 3439 ultimo
999 3397 1134 3440 scaenae
1161 3376 1180 3441 I
1202 3377 1222 3440 2
1256 3381 1365 3445 versui

144 3479 331 3566 applicavit,
353 3477 476 3562 duplici
490 3476 567 3540 lecit
583 3476 724 3540 ratione:
747 3477 887 3561 primum
904 3479 990 3542 enim
1013 3479 1113 3544 uoluit
1128 3501 1231 3544 novae
1249 3504 1365 3547 scenae

142 3582 269 3648 initium
296 3580 481 3658 admittere,
514 3579 571 3644 sed
594 3580 672 3662 quia
698 3601 835 3663 persona
862 3603 945 3663 quae
971 3582 1036 3645 iam
1065 3596 1160 3647 antea
1187 3583 1219 3646 in
1246 3606 1366 3650 scaena

144 3682 334 3750 versabatur
362 3682 449 3767 loqui
470 3679 637 3767 pergebat,
655 3683 792 3746 removit
809 3683 937 3747 titulum
954 3706 1099 3762 scaenae,
1112 3687 1202 3749 cuius
1218 3685 1366 3772 legitima

144 3786 317 3861 auctoritas
344 3807 402 3870 per
428 3806 462 3848 se
490 3782 689 3848 dubitatione
717 3796 869 3870 exempta
896 3784 1021 3851 duobus
1048 3787 1248 3872 gravissimis
1278 3791 1365 3854 testi-

144 3889 260 3954 moniis
282 3910 414 3973 prorsus
442 3885 599 3971 singulari
629 3887 723 3950 modo
752 3886 943 3951 vindicatur.
995 3909 1070 3952 nam
1092 3910 1156 3952 non
1183 3889 1287 3953 solum
1309 3891 1365 3956 hic

144 4013 273 4080 quoque
295 3991 327 4053 in
351 3988 380 4054 B
401 3992 570 4075 οημείωσις
591 3988 662 4064 illa,
686 4009 751 4070 qua
774 3989 900 4053 cantica
922 3987 1151 4074 insigniuntur,
1175 4001 1281 4071 extat,
1305 3993 1364 4059 sed

143 4092 278 4179 virgulis
306 4091 366 4158 Vl
395 4091 481 4155 felici
516 4113 593 4156 casu
617 4089 799 4177 exemplum
831 4102 960 4177 praesto
990 4105 1037 4156 est
1065 4093 1180 4157 veteris
1210 4116 1364 4160 versuum

144 4195 389 4282 computationis
405 4194 671 4272 sticbometricae‚
688 4196 778 4258 cuius
794 4194 931 4259 alterum
946 4194 1173 4260 documentum
1192 4219 1233 4260 ex
1248 4197 1364 4263 eodem

144 4298 255 4363 codice
277 4298 309 4361 in
332 4297 395 4360 fine
418 4318 554 4363 scaenae
577 4295 757 4362 Trinummi
780 4296 817 4358 ΙΙ
842 4296 859 4359 1
888 4295 920 4359 in
946 4295 1050 4360 lucem
1072 4296 1269 4363 Ritschelius
1291 4320 1364 4382 pro-

143 4402 252 4467 traxit.
283 4400 466 4486 significant
482 4400 575 4478 enim,
592 4412 626 4464 ut
643 4399 800 4463 Dziatzko
816 4399 900 4486 (aon.
912 4400 989 4484 poll.
1008 4398 1179 4465 CXXVII
1197 4425 1226 4486 p.
1241 4402 1280 4466 61
1297 4405 1363 4494 sq.)
