3038 5220
651 242 852 345 Q

143 458 328 525 claudicans
359 454 475 541 prodit.
509 452 608 516 nihilo
636 452 741 516 minus
764 450 917 514 adsentiri
941 470 1005 512 non
1028 469 1159 534 possum
1181 447 1322 515 Goetzio
1342 450 1363 517 l.

144 585 171 625 c.
201 584 232 645 p.
260 558 338 635 236,
372 557 428 640 qui
456 556 511 618 hos
540 577 651 619 versus
678 557 796 618 misera
828 553 1093 637 interpolatorum
1125 552 1259 617 inventa
1293 576 1364 620 esse

144 671 268 739 censet3
302 681 362 745 ego
391 656 519 742 quidem
548 655 678 720 saeculo
706 655 841 741 septimo
867 676 922 719 eos
949 652 990 719 ob
1024 654 1170 720 notitiam
1206 657 1365 723 sermonis

145 763 259 830 comici
285 761 525 847 adsignaverim
553 758 743 845 effictosque
766 757 947 845 putaverim
970 759 1003 820 in
1025 758 1149 823 iteratis
1172 759 1365 829 actionibus.

228 866 345 930 Eidem
379 866 514 927 sortasse
552 864 673 927 auctori
703 860 837 925 debetur
864 882 991 941 versus,
1027 861 1083 947 qui
1110 883 1212 947 prope
1235 863 1278 928 ab
1302 862 1365 929 hoc

143 971 214 1034 loco
237 969 272 1031 in
293 967 322 1032 P
344 965 463 1049 legitur
486 974 558 1048 post
580 963 642 1030 507
665 962 889 1048 interpolatus:

227 1072 289 1138 507
313 1069 396 1134 Nam
419 1068 486 1131 iem
509 1066 638 1130 domum
661 1064 714 1130 ibo
736 1065 979 1152 atquealiquid
1002 1066 1172 1151 surripiam
1196 1069 1294 1156 patri.

229 1174 307 1237 507·
327 1171 368 1235 Id
393 1170 444 1233 isti
467 1168 561 1233 dabo.
585 1190 645 1254 ego
669 1169 771 1231 istanc
796 1167 903 1232 multis
925 1167 1064 1232 ulciscar
1086 1169 1198 1237 modis.

228 1274 434 1360 Integrorum
464 1293 616 1335 versuum
646 1292 686 1334 ex
709 1270 950 1355 exemplaribus
978 1271 1118 1336 histricia
1141 1272 1364 1342 derivatorum

20 1387 27 1398 '
145 1401 261 1464 agmen
285 1375 415 1440 claudat
436 1376 529 1438 Mero.
553 1372 626 1438 555.
636 1375 662 1456 ¹)
684 1373 717 1436 in
739 1372 802 1437 ΑΡ
824 1373 876 1436 hic
899 1394 1013 1438 versus
1036 1383 1140 1439 extat:

227 1479 326 1544 Nunc
348 1490 453 1542 tamen
470 1477 591 1540 interea
613 1475 655 1538 ad
678 1498 728 1540 me
750 1480 812 1540 buc
833 1476 972 1541 invisam
996 1476 1144 1563 domum3

145 1607 241 1668 quom
263 1583 297 1646 in
313 1581 342 1645 P
358 1579 411 1644 hic
433 1579 593 1663 sequitur:

228 1685 359 1749 Interea
374 1693 481 1746 tamen
498 1683 560 1746 huc
583 1681 667 1745 intro
689 1680 730 1744 ad
752 1702 804 1745 me
826 1680 965 1746 invisam
989 1681 1130 1747 domum.

145 1788 259 1877 prioris
270 1787 372 1871 igitur
383 1806 494 1848 versus
505 1783 539 1846 in
554 1783 583 1847 P
599 1783 772 1869 gemellam
784 1783 939 1848 habemus
955 1784 1093 1849 formam
1109 1787 1197 1871 paris
1209 1809 1284 1854 cum
1296 1791 1364 1870 illo,

145 1893 171 1955 si
187 1889 285 1956 verba
298 1889 365 1953 sola
378 1897 570 1972 spectamus,
582 1887 687 1973 pretii.
704 1886 751 1951 sic
763 1908 838 1951 vero
849 1907 914 1949 non
924 1885 1071 1951 luserunt
1080 1892 1294 1973 grammatici,
1308 1893 1365 1959 sed

146 2007 193 2058 est
209 1994 289 2055 baec
311 1990 481 2054 diversitas
496 1990 618 2053 formae
641 2011 682 2052 ex
699 2011 736 2052 so
758 2010 887 2075 genere,
910 1988 1022 2076 quales
1037 1989 1071 2052 in
1091 1989 1210 2056 fabulis
1226 1996 1365 2079 agendis

146 2097 239 2180 quasi
255 2103 369 2179 suapte
387 2102 501 2178 sponte
523 2092 683 2176 prodeunt
699 2091 881 2175 sensimque
903 2091 936 2154 in
960 2093 1031 2180 ipsa
1048 2091 1232 2160 fabularum
1254 2119 1363 2165 exem-

143 2197 247 2283 plaria
269 2205 409 2282 serpunt.
433 2194 472 2262 cf.
494 2195 585 2257 Poen.
598 2193 663 2258 304
674 2203 706 2257 et
717 2192 789 2258 305.
812 2193 1010 2259 Ritschelius
1037 2195 1095 2282 Op.
1113 2197 1151 2261 II
1164 2222 1196 2284 p.
1209 2198 1284 2278 290,
1308 2203 1366 2286 qui

146 2299 238 2363 aliter
266 2320 341 2361 sane
370 2320 437 2360 rem
466 2297 608 2381 expedit.
641 2297 792 2383 quocirca
820 2296 847 2360 si
875 2296 987 2361 similis
1010 2299 1138 2384 generis
1161 2300 1363 2372 differentias

146 2401 228 2465 inter
257 2400 457 2463 recensiones
486 2398 736 2463 Ambrosianum
771 2409 802 2462 et
835 2399 1018 2463 Palatinam
1051 2400 1288 2470 intercedentes
1317 2407 1366 2472 in-

147 2504 308 2578 venimus,
348 2503 425 2586 quio
465 2502 540 2565 item
581 2501 701 2586 duplex
742 2503 895 2565 memorio
929 2525 968 2566 ex
1002 2505 1191 2588 antiquitate
1224 2514 1366 2596 repetita

146 2606 351 2694 agnoscenda
374 2606 415 2667 sit
443 2605 508 2668 iam
531 2626 594 2668 non
623 2605 800 2687 poterimus
823 2626 952 2691 negare.
976 2629 1113 2690 quarum
1135 2625 1265 2694 praesto
1289 2628 1367 2683 suut

146 2709 295 2794 exempla
318 2730 415 2792 quam
438 2708 579 2771 maxime
602 2706 832 2770 memorabilia.

232 2814 324 2876 Mure.
352 2811 424 2877 267.
454 2811 525 2875 268.
563 2809 761 2893 Demiphoni
793 2809 828 2873 in
861 2811 980 2876 somnis
1014 2826 1235 2901 apparuerunt
1269 2820 1365 2886 simia

145 2914 268 2979 haedus
291 2936 403 2999 capra3
426 2913 604 2997 quecquid
628 2910 688 2975 sibi
711 2912 810 2976 velint
834 2936 907 2978 cum
930 2913 1147 2982 coniecturam
1169 2919 1258 2997 tacit,
1282 2921 1364 2988 haec

146 3018 234 3097 dicit,
257 3016 283 3080 si
305 3017 339 3079 A
361 3017 540 3102 sequimur:

189 3118 252 3183 266
284 3117 382 3182 Nunc
404 3118 465 3182 hoc
488 3120 632 3201 profecto
656 3119 722 3182 scic
744 3131 807 3182 est:
830 3118 911 3183 haec
934 3118 1020 3183 illast
1043 3141 1151 3208 capra.

283 3221 406 3287 Verum
428 3222 535 3284 hercle
558 3221 651 3285 simia
673 3221 728 3284 illa
751 3229 849 3308 atque
871 3221 994 3286 haedus
1017 3223 1111 3311 m[ihi
1134 3226 1310 3315 malum]⁹)

283 3324 480 3409 Adportant.
504 3336 600 3407 atque
623 3345 677 3387 eos
700 3345 770 3387 esse
793 3346 871 3410 quos
894 3323 1020 3389 deicam
1044 3327 1186 3394 hauscio.

25 3433 28 3438 ’
144 3429 174 3494 Ρ
194 3428 368 3514 praebent:

283 3530 379 3595 Nunc
402 3531 462 3595 hoc
485 3530 627 3614 profecto
650 3528 695 3593 sic
718 3538 781 3606 est3
804 3529 885 3594 haec
906 3529 993 3594 illast
1015 3553 1121 3616 capra.

282 3633 348 3700 Sed
370 3634 463 3697 simia
485 3633 540 3697 illa
562 3644 659 3720 atque
684 3633 806 3698 haedus
829 3633 925 3697 timeo
947 3632 1025 3720 quid
1047 3633 1158 3701 velint.

145 3737 178 3800 in
207 3735 323 3824 quibus
353 3758 414 3799 non
443 3736 612 3820 vulgarem
640 3737 868 3800 correctionem
895 3737 1075 3814 metricam,
1109 3736 1238 3820 qualem
1274 3738 1361 3803 miris

148 3838 341 3924 ambagibus
370 3837 585 3923 Niemeyerus
613 3862 644 3924 p.
672 3839 713 3903 27
742 3839 910 3922 describit,
944 3839 1000 3904 sed
1028 3838 1190 3924 duplicem
1219 3841 1362 3908 eiusdem

235 4011 254 4078 ¹)
272 4009 314 4063 of.
339 4009 496 4063 simillimus
522 4009 600 4064 locus
619 4011 694 4080 Oopt.
716 4011 781 4064 1022
803 4027 851 4078 sq,
876 4010 911 4063 do
934 4027 989 4077 quo
1005 4027 1063 4063 non
1080 4010 1226 4063 consentio
1244 4009 1361 4066 Goetzio

145 4097 162 4151 l.
175 4113 198 4151 c.
211 4114 238 4166 p.
250 4096 307 4150 236.
322 4095 422 4148 deinde
439 4095 537 4150 Pseud.
550 4097 608 4151 523.
627 4093 711 4150 Mero.
728 4096 787 4161 982,
805 4096 840 4148 dc
857 4095 957 4164 quibus
976 4095 1011 4148 cf.
1030 4094 1201 4149 Ritschclius
1219 4094 1290 4149 Nou.
1309 4113 1362 4151 cac.

144 4182 234 4234 Pluut.
252 4199 279 4250 p.
297 4181 331 4235 30
349 4197 389 4249 sq.

230 4285 252 4349 2)
268 4282 389 4336 Etiamsi
403 4282 480 4348 ‚mihi
492 4282 603 4336 malum‘
616 4281 646 4335 in
658 4281 686 4336 A
697 4299 754 4335 non
766 4281 821 4336 fuit
831 4281 878 4351 (cf.
891 4280 1000 4336 Goctzii
1013 4280 1076 4335 adn.
1091 4281 1127 4335 ad
1138 4281 1183 4350 u),
1202 4281 1263 4336 sine
1276 4282 1362 4336 dubio

144 4369 234 4422 similo
253 4368 320 4437 quid
344 4367 407 4433 ruit,
431 4367 506 4436 quod
524 4368 578 4422 etsi
596 4368 757 4436 ignoramus
774 4384 831 4420 non
848 4367 922 4420 tanti
940 4369 991 4430 est,
1015 4370 1047 4418 ut
1064 4365 1169 4420 iudicio
1187 4366 1222 4419 de
1240 4366 1305 4420 loco
1323 4365 1361 4422 io-

143 4453 229 4508 rendo
248 4454 361 4506 omnino
379 4452 461 4507 nobis
479 4453 676 4506 abstinendum
693 4452 738 4505 sit.
