3038 5220
723 304 786 369 106

123 511 297 574 'Pseudulo
323 533 435 575 versus
461 512 528 577 193.
550 509 613 575 255
640 509 668 572 ei
692 531 809 573 nomen
836 508 959 573 lenonis
980 509 1075 573 facile
1098 507 1363 594 suppeditabant3

148 634 224 676 nam
251 613 332 678 haec
362 614 556 699 appellativa
579 633 666 676 mero
695 634 772 675 casu
795 612 904 675 oculos
928 610 1115 676 correctoris
1135 611 1262 696 fugisse
1281 629 1360 694 quae

144 715 235 778 iuxta
246 715 365 802 scripta
377 731 450 779 sunt
461 714 591 778 nomina
604 714 733 800 propria
746 712 975 781 demonstrant.
989 724 1100 778 contra
1111 712 1284 777 consilium
1296 732 1355 778 eor·

116 881 118 884 Α
144 817 275 880 rectoris
289 817 488 903 apertissime
501 819 533 880 in
546 837 583 878 eo
597 815 807 900 conspicitur,
828 814 923 900 quod,
937 814 1121 898 ubicunque
1132 814 1200 880 ulla
1211 814 1254 879 de
1266 832 1358 879 causa

143 940 207 982 non
224 918 328 1005 potuit
342 919 471 983 nomina
489 918 619 1004 propria
636 918 760 980 scaenis
781 916 1035 1003 superscribere,
1061 916 1104 981 ad
1120 916 1211 981 varia
1228 915 1358 981 artificia

144 1020 297 1104 confugit.
316 1021 414 1085 veluti
429 1021 464 1083 in
480 1020 581 1084 Sticho
592 1019 703 1083 fabula
717 1019 768 1083 vel
780 1018 916 1083 Plautus
929 1019 980 1082 vel
992 1019 1048 1103 qui
1060 1030 1133 1105 post
1144 1018 1214 1084 cius
1226 1028 1360 1084 aetatem

142 1119 284 1186 fabulam
305 1123 492 1187 retractavit
503 1125 527 1208 ι)
544 1144 700 1199 sororum,
717 1144 800 1208 quae
816 1123 850 1185 in
866 1143 983 1186 scaena
1001 1123 1105 1208 prima
1126 1121 1361 1206 colloquuntur,

142 1223 272 1287 nomina
295 1224 375 1288 adeo
396 1246 462 1288 non
484 1225 622 1304 curavit,
652 1235 688 1290 ut
710 1225 811 1289 altera
833 1235 959 1288 tantum
980 1224 1014 1287 in
1037 1224 1117 1309 ipsis
1140 1223 1289 1289 versibus
1312 1245 1362 1288 no

143 1326 228 1390 mine
256 1327 453 1413 appelletur,
483 1328 614 1392 alterius
645 1351 760 1392 nomen
784 1350 913 1414 prorsus
935 1327 1117 1394 reticeatur.
1162 1326 1249 1391 unde
1272 1325 1363 1391 vides

145 1450 280 1493 scaenae
302 1429 426 1514 primas
448 1431 482 1493 in
506 1431 682 1517 archetypo
704 1431 832 1495 titulum
855 1430 953 1494 luisse
982 1448 1116 1506 ,sorores
1139 1429 1198 1507 II‘,
1220 1428 1255 1492 id
1278 1428 1366 1512 quod

145 1532 178 1593 in
196 1530 225 1595 P
242 1531 338 1596 hodie
360 1554 490 1616 quoque
511 1533 657 1619 legimus.
682 1533 738 1597 sed
762 1533 891 1596 nomina
913 1530 1045 1616 propria
1068 1531 1236 1597 additurus
1260 1552 1367 1617 gram·

144 1635 281 1698 maticus
309 1633 535 1699 Palatinorum
565 1657 605 1699 ex
628 1658 680 1702 vv.
704 1635 766 1699 247
795 1646 826 1699 et
856 1634 917 1700 331
948 1634 1083 1698 alterum
1111 1655 1228 1698 nomen
1252 1633 1369 1711 ,Pane-

143 1737 244 1823 gyris‘
260 1748 346 1802 recte
362 1738 481 1815 elicuit,
504 1761 563 1823 pro
586 1738 686 1803 altero
710 1749 816 1802 autem
840 1737 974 1824 proclivi
1000 1758 1107 1801 errore
1129 1736 1222 1821 pueri
1245 1757 1369 1801 nomen

144 1840 355 1917 ,Pinacium‘,
395 1863 534 1924 quocum
571 1840 752 1927 Panegyris
788 1841 822 1903 in
866 1861 982 1904 scaena
1021 1838 1060 1902 II
1095 1839 1115 1902 2
1159 1838 1369 1926 colloquitur,

144 1943 280 2030 scripsit.
338 1943 573 2008 Ambrosianus
609 1956 716 2008 autem
755 1943 950 2006 recensionis
992 1952 1106 2007 auctor
1144 1941 1223 2026 quid
1263 1943 1369 2008 fecit?

144 2066 288 2110 sororum
324 2048 469 2128 nomina,
515 2069 598 2133 quae
636 2045 727 2110 solito
765 2066 852 2109 more
896 2044 1128 2110 substituturus
1165 2050 1251 2123 erat,
1289 2064 1369 2110 cum

144 2148 175 2210 iu
199 2149 303 2232 prima
326 2170 441 2213 scaena
470 2171 533 2212 non
555 2149 677 2235 legeret
706 2170 765 2211 nec
792 2148 977 2234 diligentius
1006 2148 1090 2213 ultra
1116 2147 1201 2211 hauc
1228 2146 1370 2212 circum⁸

144 2250 295 2337 spiceret,
325 2255 458 2335 antiqua
486 2251 692 2335 inscriptione
722 2273 853 2334 prorsus
876 2250 1002 2314 abiecta
1039 2249 1255 2315 audacissime
1278 2271 1369 2315 nova

144 2354 273 2417 nomina
296 2354 421 2418 effinxit
444 2353 647 2431 ,Philumena
664 2353 856 2438 Pamphila‘,
870 2352 1012 2417 Terentii
1033 2366 1066 2417 ut
1086 2352 1212 2417 videtur
1229 2373 1369 2431 memor,

144 2456 198 2542 qui
222 2456 270 2519 his
293 2457 476 2522 nominibus
499 2479 577 2521 usus
600 2469 656 2520 est.
702 2478 837 2543 quorum
861 2477 934 2519 cum
953 2476 1069 2519 nomen
1088 2454 1293 2540 ,Pamphila‘,
1318 2465 1369 2521 ut·

145 2569 219 2643 pote
243 2561 403 2623 meretrici
426 2570 550 2623 tantum
574 2583 636 2622 non
660 2559 785 2624 mulieri
802 2558 1042 2622 honestissimae
1066 2569 1186 2642 aptum,
1209 2579 1230 2621 a
1252 2557 1368 2623 limine

144 2661 340 2725 reiciendum
371 2661 426 2742 sit,
461 2661 675 2742 ,Philumena‘
709 2683 766 2745 per
798 2682 832 2723 se
865 2661 1000 2723 forsitan
1033 2660 1111 2723 ferri
1144 2668 1267 2747 posset,
1303 2660 1368 2726 nisi

145 2762 289 2826 mulieris
311 2782 349 2825 eo
373 2762 499 2825 nomine
521 2762 553 2825 in
577 2764 611 2827 A
633 2763 813 2848 appellatae
835 2784 947 2825 verum
970 2783 1085 2826 nomen
1109 2762 1313 2848 ,Panegyris‘
1336 2774 1369 2828 et

144 2863 365 2928 Palatinorum
388 2863 481 2927 titulo
504 2874 536 2927 et
559 2888 609 2930 vv.
624 2865 694 2931 247.
711 2864 783 2941 331,
807 2866 925 2951 quibus
947 2865 981 2928 in
1000 2865 1029 2928 A
1052 2887 1180 2951 quoque
1197 2874 1366 2931 servatum

145 2978 202 3042 est,
226 2966 312 3029 omni
335 2966 536 3030 dubitatione
554 2980 740 3052 exemptum
763 2981 854 3033 esset.
888 2969 952 3032 iam
972 2990 1048 3034 vero
1064 2968 1247 3032 memineris
1265 2969 1368 3034 velim

145 3090 257 3132 versus
286 3068 377 3133 Stich.
400 3068 480 3145 393,
511 3092 607 3152 quem
636 3093 665 3155 p.
689 3073 732 3135 40
759 3071 912 3148 tractavi,
945 3070 1001 3134 ubi
1030 3081 1141 3136 auctor
1166 3072 1366 3138 recensionis

145 3169 384 3234 Ambrosianus
424 3173 551 3234 nomine
589 3171 859 3259 ,Pamphilippus‘
899 3182 1022 3237 remoto
1062 3171 1226 3238 substituit
1258 3173 1366 3250 ,Pam-

144 3273 277 3358 philus‘:
315 3273 467 3357 numquis
508 3273 667 3338 dubitabit
700 3275 779 3358 quin
813 3275 933 3352 eidem,
975 3275 1030 3358 qui
1066 3275 1296 3360 ,Pamphilam‘
1330 3277 1365 3341 iu

144 3376 297 3441 Plautum
320 3376 465 3454 induxit,
494 3379 589 3442 etiam
613 3376 775 3461 Pamphili
803 3399 919 3441 nomen
945 3387 977 3441 et
1003 3399 1115 3442 versus
1137 3378 1201 3444 393
1229 3379 1367 3443 metrica

147 3479 301 3542 correctio
324 3476 500 3546 debeatur?
540 3479 614 3544 vide
649 3501 745 3562 quam
780 3480 981 3545 memorabili
1017 3481 1166 3568 exemplo
1207 3490 1367 3567 appareat

145 3592 356 3646 correctorem
385 3604 447 3646 non
476 3583 579 3647 solum
608 3582 714 3647 verbis
742 3595 854 3669 poetae
881 3583 1044 3648 mutandis
1072 3605 1203 3670 operam
1237 3582 1366 3649 dedisse

144 3685 200 3748 sed
230 3684 326 3748 etiarn
355 3684 510 3749 eiusmodi
544 3707 595 3748 res
623 3684 755 3748 arbitrio
780 3707 837 3751 suo
865 3686 1055 3766 subiecisse3
1090 3700 1122 3749 et
1149 3686 1175 3750 si
1207 3686 1260 3750 vel
1289 3686 1367 3752 buic

145 3796 335 3872 argumento
358 3787 429 3869 quis
452 3787 547 3850 fidem
564 3787 779 3873 abrogaverit,
802 3811 867 3852 non
889 3789 1006 3873 poterit
1021 3789 1188 3876 refragari,
1212 3791 1240 3854 si
1263 3789 1365 3855 altero

145 3890 293 3973 exemplo
327 3888 422 3952 etiam
461 3890 608 3976 graviore
642 3913 746 3974 neque
775 3890 881 3954 adhuc
917 3904 949 3955 ut
979 3891 1106 3956 videtur
1146 3891 1278 3978 cognito
1315 3895 1366 3956 de·

145 4003 365 4055 monstravero
400 4003 627 4072 comestorem,
659 4007 694 4056 ut
717 3994 887 4057 Truoalcati
913 4016 1061 4058 scaenam
1084 3992 1156 4057 111
1180 4015 1254 4057 cum
1279 4005 1366 4059 ante·

146 4093 272 4157 cedenti
295 4097 517 4178 coniungeret,
547 4096 777 4159 violentissime
806 4118 867 4159 non
900 4097 1004 4160 solum
1031 4095 1274 4179 inscriptionem
1292 4117 1364 4161 *sus-

146 4195 270 4273 tulisse,
310 4195 365 4260 sed
393 4197 490 4261 etiam
521 4220 632 4261 versus
667 4198 883 4262 antecedentis
917 4211 1054 4264 metrum
1084 4207 1225 4262 mutasse
1233 4223 1242 4276 ;
1277 4199 1366 4288 quod

234 4523 253 4588 ¹)
272 4518 315 4572 De
334 4517 425 4573 Stichi
444 4515 575 4587 διασκευή
595 4518 630 4572 cf.
647 4517 764 4573 ‘Goetzii
776 4521 866 4590 praes.
885 4538 912 4590 p.
928 4512 981 4575 IX.
997 4516 1062 4577 XV.
