3038 5220
727 201 788 270 178

142 419 266 478 certum
281 408 350 493 erit,
374 433 447 476 cum
471 434 523 496 epo
542 423 598 476 aut
618 410 652 474 in
667 412 700 475 A
722 410 950 495 interpolatum
968 421 1033 488 aut,
1057 411 1083 474 si
1104 410 1283 496 genuinum
1306 422 1365 489 est,

145 516 179 579 in
201 514 230 579 P
253 515 398 579 consulto
420 513 559 578 deletum
583 535 652 578 esse
674 513 927 578 demonstratum
950 514 1019 581 erit.

229 619 313 682 Pera
336 616 398 682 593
419 618 467 681 A:
496 616 599 701 ,Quae
627 616 668 679 ad
691 638 758 680 rem
787 616 939 682 referunt.
961 617 969 702 ll
992 628 1089 701 atque
1116 617 1224 682 hercle
1256 627 1292 683 tu
1315 638 1367 683 me

144 719 295 785 monuisti
310 717 398 783 baud
412 717 516 784 male!
539 716 754 803 Niemeyerus
776 741 808 803 p.
825 719 866 784 26
882 715 1136 786 Ambrosianum
1153 729 1365 785 retractatum

144 844 224 899 esse,
247 843 357 885 veram
384 821 579 908 scripturam
608 833 635 884 et
658 823 779 906 quiden
801 821 896 886 hercle
919 843 959 885 ex
986 821 1015 887 P
1038 823 1166 908 prodire
1191 822 1366 902 contendit.

144 935 176 987 at
199 923 285 1010 quod
301 921 362 987 OD
384 922 543 1008 praebent
565 933 593 984 et
615 925 669 1007 qni
689 923 771 988 redit
794 924 836 987 ad
852 935 955 1010 etqne3
978 924 1055 988 inB
1077 925 1158 989 levis
1181 928 1366 1011 corruptela

144 1024 272 1110 longius
295 1025 428 1109 serpsit3
451 1021 496 1088 ibi
519 1024 605 1088 enim
627 1023 744 1110 legitur
766 1038 793 1089 et
816 1029 946 1111 quidem.

228 1128 313 1191 Pera
321 1126 383 1191 734
394 1125 456 1204 ,Ne
469 1147 529 1211 ego
541 1125 700 1190 tibIB0na
712 1127 812 1192 multa
824 1127 975 1206 effeci‘A,
987 1127 1125 1210 ‚Bonam
1133 1128 1232 1193 vitam
1243 1129 1317 1192 feci‘
1326 1127 1367 1193 P.

229 1228 304 1296 (las.
325 1227 378 1295 IV
400 1228 486 1305 4,17
509 1229 621 1305 ,multa
644 1229 727 1293 bona
749 1231 827 1295 mihi
850 1230 994 1296 dedistis‘
1016 1231 1060 1307 A,
1084 1232 1193 1294 bonam
1213 1234 1309 1295 anum
1326 1230 1365 1300 P.

144 1352 286 1398 errorem
313 1328 364 1395 bis
391 1331 577 1418 repetitum,
607 1353 671 1395 non
697 1335 972 1411 retractationem,
1006 1333 1214 1399 statuendum
1238 1355 1308 1398 esse
1334 1335 1368 1397 in

146 1435 171 1499 P
194 1433 313 1498 evincit
334 1433 405 1497 Mil.
427 1434 503 1518 plor.
526 1433 599 1511 716,
627 1434 684 1498 ubi
705 1435 740 1498 A
762 1448 846 1500 taam
867 1440 962 1500 citam
982 1449 1079 1513 recte,
1111 1436 1141 1500 P
1163 1448 1216 1500 tna
1237 1437 1368 1500 multam

144 1538 255 1620 (multa
264 1535 311 1622 Β)
322 1536 488 1622 praebent.
505 1547 640 1619 utroque
653 1546 760 1601 autem
774 1540 844 1603 loco
856 1540 886 1603 A
898 1561 1026 1622 quoque
1038 1538 1174 1603 maculis
1190 1539 1367 1625 adspersus

144 1650 202 1704 est.
248 1662 320 1703 nam
353 1640 438 1703 Pera
462 1638 524 1702 734
546 1640 630 1724 effeci
649 1639 837 1704 Plautinum
872 1664 935 1706 non
971 1664 1042 1707 esse
1075 1664 1175 1728 supra
1209 1641 1288 1708 dixi.
1334 1642 1369 1705 in

147 1742 213 1810 Gn.
225 1741 276 1809 IV
288 1741 319 1820 4,
339 1741 378 1807 17
394 1740 635 1808 Studemundus
656 1764 730 1808 eum
746 1765 840 1829 quem
860 1743 895 1808 A
910 1743 1007 1809 habet
1023 1744 1168 1809 ordinem
1193 1745 1368 1810 verborum

66 1832 68 1836 ⁸
143 1867 220 1931 prae
244 1866 292 1923 eo,
315 1844 358 1908 ad
379 1865 475 1927 quem
497 1843 527 1908 P
549 1865 607 1908 nos
631 1844 763 1919 ducunt,
787 1856 873 1911 recte
895 1846 1006 1911 reiecit
1013 1872 1022 1925 ;
1053 1847 1093 1914 cf.
1109 1847 1146 1916 Z.
1162 1849 1187 1929 f.
1204 1850 1234 1915 d.
1259 1847 1299 1914 G.
1320 1849 1369 1917 W.

142 1947 269 2016 XVIII
291 1969 323 2033 p.
345 1946 417 2014 532.

228 2050 322 2117 Mene.
348 2047 422 2114 490.
475 2046 630 2114 Goetzius
663 2058 787 2114 mutare
820 2071 883 2113 non
917 2070 1015 2115 ausus
1055 2063 1104 2114 est
1147 2049 1233 2133 quod
1266 2051 1301 2114 in
1334 2052 1371 2117 A

144 2154 374 2237 scriptumest:
397 2149 515 2229 ,Tanti
527 2151 640 2234 quanti
652 2151 766 2237 poscit,
783 2152 838 2217 vin
849 2161 939 2216 tanto
951 2153 1040 2217 illam
1054 2153 1141 2219 emi?
1157 2153 1170 2240 ΙΙ
1185 2165 1370 2219 auctora-

145 2256 246 2320 rium
269 2252 418 2319 Adicito‘.
462 2252 571 2339 itaque
597 2252 733 2318 fortasse
760 2256 954 2321 recensionis
982 2255 1151 2322 Palatinae
1179 2267 1293 2322 auctor
1318 2279 1367 2321 re-

146 2367 232 2421 moto
261 2355 322 2420 hoc
344 2354 444 2429 verbo
466 2353 603 2420 obscuro
628 2377 755 2420 versum
777 2358 824 2420 sic
847 2356 940 2443 legit:
974 2355 1094 2435 ,Tanti
1117 2359 1230 2440 quanti
1253 2357 1369 2442 poscit,

145 2460 198 2524 vin
226 2460 307 2524 tanti
334 2458 535 2524 illam-emi?
555 2457 568 2546 ΙΙ
589 2461 830 2523 auctarium‘.
874 2458 931 2521 sed
960 2480 1136 2542 numquam
1164 2459 1271 2524 extitit
1303 2481 1370 2526 vox

145 2568 357 2631 annonarium.
403 2564 531 2650 scripsit
553 2565 637 2629 enim
667 2561 818 2629 librarius
839 2559 1050 2626 Ambrosiani
1078 2562 1265 2647 properanti
1295 2562 1368 2627 stilo

143 2667 278 2735 verbum
305 2679 423 2744 unctor,
450 2689 557 2733 errore
585 2678 692 2732 autem
722 2663 829 2731 statim
856 2663 1081 2728 animadverso
1114 2664 1201 2747 quod
1223 2663 1366 2730 scribere

142 2769 282 2837 debebat
310 2770 444 2834 addidit.
489 2770 536 2834 sic
562 2770 656 2837 unice
684 2779 771 2834 recte
792 2765 1003 2831 AmbrosIani
1026 2767 1141 2831 miram
1169 2767 1365 2853 scripturam

145 2873 302 2960 explicari
324 2881 484 2937 testantur
505 2872 567 2937 hae
582 2871 783 2960 corruptelae
800 2869 1007 2956 simillimaezffl
1023 2870 1135 2933 Peend.
1150 2868 1214 2934 436
1237 2881 1269 2935 at
1288 2873 1369 2935 enim

144 2979 326 3062 nequiquam
348 2974 386 3051 P,
414 2977 506 3060 nequi
530 2986 563 3038 et
589 2976 668 3038 enim
689 2997 782 3060 qnam
802 2972 845 3039 A.
891 2971 985 3036 stica.
1010 2971 1071 3039 106
1098 2983 1224 3058 oportet,
1252 2975 1306 3037 aed
1328 2973 1369 3052 P,

144 3080 327 3167 oportetoeed
347 3077 393 3155 A,
425 3099 489 3160 quo
517 3099 581 3143 non
609 3076 721 3142 debuit
752 3074 971 3160 Kiessliugius
1000 3076 1081 3139 Mne.
1103 3075 1201 3139 Rten.
1232 3073 1370 3141 XXIII

143 3203 176 3267 p.
200 3181 262 3246 118
295 3179 342 3246 uti
375 3179 418 3244 ad
450 3191 563 3266 oportet
590 3202 637 3244 coe
662 3177 963 3246 commendandum.
1007 3178 1113 3243 scriba
1145 3179 1231 3244 enim
1259 3180 1368 3266 negle-

144 3284 255 3370 gentia
286 3293 400 3369 oportet
431 3282 547 3346 iterare
579 3281 685 3369 coepit
718 3292 754 3348 ut
788 3281 881 3346 Stich.
904 3280 967 3346 276
999 3291 1123 3367 ,pectus
1156 3290 1278 3367 peorto‘
1307 3304 1369 3369 pro

144 3399 268 3472 ,pectus
282 3394 394 3471 porto‘.
432 3384 516 3453 Tan.
532 3384 595 3449 382
611 3385 909 3448 edacia-aaudiat·
921 3383 966 3448 A.
1000 3383 1087 3448 exP
1110 3383 1228 3448 similia
1251 3384 1369 3451 affero:

144 3489 214 3555 Mn.
236 3489 311 3574 plor.
337 3487 418 3556 1422
441 3510 461 3550 a
482 3488 566 3551 nobie
586 3518 630 3545 a
651 3488 690 3551 nd
713 3488 795 3551 eibie.
838 3487 924 3551 Trnc.
944 3486 1008 3551 234
1029 3489 1217 3572 quodomodo
1237 3518 1281 3544 =
1296 3512 1370 3574 qno·

145 3577 250 3665 mosim
278 3591 385 3677 eoepit
414 3590 565 3654 nimirum
594 3590 701 3655 scriba
723 3592 812 3654 domo
827 3611 885 3673 pro
906 3590 996 3652 modo
1018 3587 1168 3655 scribere.
1191 3590 1280 3658 Most.
1305 3591 1370 3656 763

144 3705 209 3759 ente
225 3694 392 3780 exemplam
407 3692 445 3773 P,
462 3691 517 3758 ubi
532 3692 683 3759 librarius
695 3692 728 3757 in
741 3703 847 3757 mente
859 3691 972 3757 habuit
983 3693 1138 3778 cntempla
1150 3693 1261 3761 Pseud.
1283 3693 1368 3758 1051

144 3800 295 3869 invenicus
316 3828 359 3857 z:
384 3799 517 3861 invenias
538 3795 583 3879 B;
622 3797 715 3861 Poen.
739 3795 801 3862 862
828 3796 1002 3882 manifestoi
1026 3795 1139 3859 moechi
1153 3823 1197 3842 ===
1213 3797 1372 3882 mannan

144 3900 258 3965 nicenti
277 3897 322 3975 B;
355 3896 507 3981 quocirca
528 3918 608 3961 cave
629 3898 741 3960 Peend.
763 3897 827 3962 534
853 3919 928 3964 cum
949 3894 1106 3963 Lorenzio
1133 3896 1169 3961 in
1195 3899 1370 3964 homanum

145 4002 206 4089 (sic
228 4001 272 4088 B)
300 4000 472 4087 suspiceris
495 4000 600 4065 inesse
627 4001 795 4065 homonum.
840 4021 978 4087 quorum
1006 4021 1178 4068 numerum
1200 4000 1296 4066 facile
1320 4013 1370 4067 est

145 4127 274 4190 augere.

187 4208 278 4273 Most.
299 4205 372 4275 606.
395 4205 456 4272 607

229 4309 273 4375 P:
683 4307 812 4376 Faenus
830 4306 907 4388 illic,
929 4307 1043 4378 faenus
1064 4305 1127 4375 hic.

297 4413 413 4483 Nescit
434 4413 565 4502 quidem
587 4413 648 4480 nisi
670 4418 784 4481 faenus
806 4413 981 4480 fabularier
