3038 5220
676 205 879 319 *Q

167 422 256 487 modi
278 421 357 487 locis
379 444 517 506 nsquam
540 424 742 489 recensiones
765 424 958 509 discrepant.
1002 424 1058 489 sed
1082 423 1178 489 etiam
1202 424 1272 489 sine
1295 425 1397 490 metri

168 524 345 590 mutatione
368 525 559 609 aliquotiens
582 526 709 592 codices
729 536 803 614 post
825 548 980 613 personae
998 526 1175 591 discessum
1194 548 1389 594 scaenarum

172 628 411 693 distinctionem
438 628 608 714 praebent,
632 653 695 695 non
724 631 792 694 sine
819 629 969 716 graviore
998 650 1096 693 cansa
1123 652 1144 693 a
1169 629 1242 715 lege
1270 645 1392 696 cetero

169 732 246 815 quin
270 731 441 796 observata
465 734 660 798 recedentes.
704 732 794 797 velut
816 732 902 815 quod
928 730 1014 818 Capt.
1031 729 1063 798 V
1080 731 1109 809 1,
1124 731 1166 795 32
1188 745 1262 818 post
1278 732 1390 798 Philo·

168 834 285 921 polemi
315 846 346 900 et
367 834 561 901 Philocratis
590 836 712 902 abitum
741 834 900 921 Hegionis
930 843 962 899 et
991 832 1152 918 Stalagmi
1180 834 1388 923 colloquium,

168 958 363 1021 quamquam
380 938 554 1023 septenarii
578 939 815 1015 continuantur,
831 959 915 1002 nova
930 957 1047 1001 scaena
1063 935 1104 1001 ab
1122 936 1388 1004 antecedentibus

172 1053 373 1126 segregatur,
397 1039 591 1129 Spengelius
614 1040 868 1127 ingeniosissime
893 1039 968 1104 inde
995 1038 1186 1124 explicavit,
1214 1041 1300 1128 quod
1324 1041 1390 1106 alia

167 1142 263 1206 fuerit
279 1144 549 1221 antecedentium,
573 1136 765 1209 alia'horum
781 1141 1036 1229 septenariorum
1054 1140 1230 1207 modulatio
1247 1144 1389 1222 musica3

166 1267 242 1310 nam
270 1266 344 1309 cum
375 1267 493 1310 scaena
516 1245 548 1312 V
571 1248 587 1310 1
611 1246 795 1311 bacchiacis
818 1243 1028 1325 tetrametris,
1061 1244 1234 1309 octonariis
1263 1257 1295 1310 et
1318 1268 1389 1334 sep

168 1345 297 1410 terrariis
321 1347 503 1428 trochaicis,
527 1349 608 1412 haec
630 1369 706 1412 vero
721 1347 796 1412 solis
819 1346 1009 1432 septenariis
1032 1345 1192 1424 decurrat,
1215 1349 1330 1413 mutati
1353 1346 1390 1412 in

167 1447 229 1512 bac
251 1446 337 1511 modi
360 1448 473 1513 musici
490 1449 647 1537 aptissimi
669 1460 744 1515 sunt
751 1471 760 1533 ;
785 1472 890 1538 neque
912 1450 974 1513 hoc
990 1447 1121 1536 quidem
1136 1447 1389 1535 neglegendum,

167 1572 254 1615 nunc
282 1550 412 1616 demum
440 1551 657 1639 Stalagmum,
690 1555 750 1617 etsi
779 1573 915 1617 scaenae
937 1550 1009 1619 Vl
1038 1551 1103 1615 iam
1132 1551 1287 1629 interfuit,
1315 1573 1389 1638 pro

167 1652 281 1716 cedere
315 1663 346 1717 et
372 1652 475 1741 loqui,
509 1665 545 1718 ut
571 1677 635 1719 una
669 1675 741 1719 cum
771 1655 860 1720 abitu
888 1654 1025 1720 duarum
1053 1674 1264 1738 personarum
1293 1655 1390 1743 quasi

166 1776 251 1818 nova
272 1754 305 1817 in
328 1775 477 1819 scaenam
503 1756 646 1841 prodeat.
676 1756 772 1821 etiam
787 1756 917 1844 saepius
940 1756 995 1822 ubi
1018 1779 1083 1822 una
1107 1767 1231 1822 tantum
1248 1778 1389 1845 persona

166 1871 238 1945 post
266 1869 445 1923 ceterorum
478 1857 600 1925 abitum
628 1859 662 1924 in
690 1881 808 1924 scaena
841 1882 1009 1924 remanens
1041 1858 1162 1924 eisdem
1194 1859 1389 1945 septenariis

166 1959 337 2024 trochaicis
371 1960 460 2045 loqui
495 1961 610 2048 pergit,
646 1984 688 2026 ex
723 1962 824 2027 veteri
856 1962 1024 2032 memoria,
1045 1983 1130 2027 nova
1158 1983 1276 2026 scaena
1308 1962 1387 2027 iuci-

166 2064 223 2150 pit.
272 2064 361 2128 velut
389 2065 463 2128 Aul.
489 2063 546 2128 111
572 2065 594 2128 4
619 2067 665 2152 (ν.
691 2065 768 2152 460)
803 2088 875 2130 cum
905 2062 1047 2152 Congrio
1082 2065 1187 2143 abeat,
1219 2064 1388 2133 Euclionis

166 2167 314 2229 restantis
337 2166 529 2254 monologus
550 2166 676 2254 integra
698 2189 814 2233 scaena
837 2169 1028 2245 continetur,
1052 2189 1156 2256 neque
1179 2167 1272 2234 aliter
1297 2167 1386 2256 cape.

166 2266 216 2331 IV
230 2268 251 2332 3
266 2268 359 2354 (901)
383 2266 551 2353 Ergasilus
574 2281 744 2355 postquam
760 2269 942 2357 Hegionem
964 2269 1136 2335 abeuntem
1160 2270 1268 2336 verbis
1284 2270 1386 2348 ,Beue

165 2369 296 2436 ambula
323 2382 353 2435 et
382 2371 582 2437 redambula‘
604 2383 793 2460 prosecutus
824 2386 887 2450 est,
910 2394 994 2436 nova
1017 2394 1135 2437 scaena
1156 2373 1245 2457 loqui
1267 2373 1386 2460 pergit.

164 2473 292 2557 utrique
325 2483 433 2538 autem
469 2474 539 2539 loco
567 2475 699 2560 egregia
733 2476 876 2540 defensio
908 2488 1039 2563 paratur
1066 2476 1193 2543 duobus
1227 2475 1387 2544 Pseuduli

164 2575 254 2653 locis,
278 2574 395 2664 quibus
416 2574 446 2641 P
469 2598 602 2641 scaenas
625 2577 788 2644 distinent.

252 2679 363 2795 Pseud.
386 2677 467 2743 112
490 2680 583 2766 (665)
603 2679 787 2745 Pseudulus
809 2679 1001 2768 Harpagem
1030 2681 1176 2747 caculam
1201 2679 1253 2745 his
1276 2680 1385 2747 verbis

165 2794 383 2867 prosequltur:
791 2794 793 2798 “

936 2867 1045 2952 Atque
1066 2868 1175 2952 audin,
1199 2867 1383 2956 Harpage?

246 2967 330 3034 Iube
352 2970 396 3035 sis
418 2983 450 3035 te
472 2968 603 3056 operiri:
627 2970 740 3035 beatus
763 2970 835 3048 eris,
858 2971 885 3034 si
908 2970 1146 3036 consudaveris.
1288 2996 1294 3005 ·

165 3155 326 3210 instituitur
335 3158 429 3226 Amph.
440 3156 506 3212 1040
519 3155 579 3226 [six
589 3155 670 3225 digni
682 3156 730 3223 qui
742 3160 995 3210 commemorentur
1007 3161 1073 3211 sunt
1081 3157 1140 3212 546.
1148 3158 1222 3228 858].
1239 3157 1311 3211 Asia
1323 3158 1375 3212 943

167 3241 226 3294 Aul.
252 3241 309 3295 105.
331 3242 390 3296 460.
412 3241 471 3295 580.
494 3241 552 3294 615.
576 3241 634 3294 677.
657 3241 716 3294 803.
739 3239 808 3309 [265.
832 3240 902 3317 274]
937 3241 1019 3311 Epid.
1038 3243 1095 3296 161.
1113 3243 1172 3296 425.
1206 3242 1305 3295 Bacch.
1323 3243 1380 3296 229.

163 3325 303 3380 349913.
326 3325 399 3380 1067.
423 3324 503 3395 [7951
538 3325 618 3381 Most.
642 3327 683 3380 76.
704 3327 763 3379 684.
797 3326 869 3379 Men.
891 3322 950 3383 442.
972 3327 1031 3380 550.
1055 3327 1114 3382 668.
1138 3327 1384 3383 95710391157.

166 3409 247 3481 [6981.
292 3410 352 3463 Mil.
375 3411 443 3480 plor.
468 3410 526 3462 259.
552 3409 610 3463 345.
636 3410 694 3465 586.
718 3410 777 3464 867.
804 3411 877 3466 1388.
912 3413 995 3466 Mera.
1018 3412 1076 3466 661.
1100 3413 1158 3466 789.
1201 3412 1299 3465 Pseud.
1325 3411 1384 3466 562.

165 3498 222 3551 759.
240 3496 299 3551 893.
334 3497 415 3550 Pom.
432 3495 491 3549 445.
513 3495 572 3549 810.
593 3495 652 3549 917.
689 3495 770 3549 Stich.
796 3497 853 3551 266.
875 3496 934 3551 437.
955 3497 1014 3551 497.
1032 3496 1089 3551 632.
1109 3495 1188 3566 (398]
1228 3496 1301 3550 Tria.
1322 3497 1383 3551 199.

163 3583 222 3636 591.
244 3582 301 3636 717.
348 3582 425 3635 Tmc.
447 3580 503 3634 315.
526 3580 584 3634 335.
608 3581 667 3634 434.
692 3581 749 3635 758.
785 3581 833 3647 qui
850 3598 921 3634 unus
937 3585 1077 3651 repugnat
1094 3581 1172 3634 locus
1196 3579 1383 3650 aSpengelio

163 3665 281 3721 omissus
302 3667 374 3720 Men.
385 3665 528 3730 876-888,
547 3665 714 3720 correctoris
726 3682 840 3734 operam
852 3665 984 3730 ostendit,
1003 3667 1051 3735 qni
1064 3666 1197 3720 videlicet
1208 3664 1383 3721 Menaechmi

163 3754 192 3805 11
208 3751 283 3804 senis
301 3750 471 3818 subsequens
489 3749 669 3818 soliloquium
686 3767 741 3804 una
759 3767 859 3804 scaena
871 3767 1018 3820 perperam
1030 3750 1253 3820 comprehendit;
1273 3751 1308 3805 ci.
1319 3749 1384 3806 Rit-

163 3836 262 3890 schelii
279 3835 341 3890 adn.
360 3835 396 3890 ad
412 3835 441 3892 V
452 3837 476 3890 3.
503 3835 580 3890 locos
597 3835 670 3902 illos,
688 3835 797 3903 quibus,
815 3852 879 3889 cum
896 3851 1015 3904 persona
1032 3835 1189 3900 decesserit,
1208 3836 1244 3890 ob
1262 3839 1384 3890 metrum

163 3925 302 3974 mutatum
311 3937 412 3974 noram
421 3937 549 3975 scaenam
557 3921 667 3975 codices
682 3920 837 3984 ordiuntur,
851 3920 984 3975 collectos
998 3921 1107 3974 invenis
1116 3919 1191 3989 apud
1200 3918 1384 3990 Spengelium

163 4005 182 4060 l.
200 4005 429 4074 111273-277.
447 4005 576 4074 equibus
594 4022 641 4060 eos
659 4005 754 4071 affero,
772 4005 873 4073 quibus
891 4009 1008 4074 utraque
1026 4005 1152 4060 recensio
1171 3999 1383 4060 distinctionem

163 4107 325 4146 scaenarum
343 4089 479 4144 servavit:
496 4091 596 4144 Bacch.
613 4089 695 4144 1114
713 4090 793 4156 (500).
828 4091 903 4145 Pers.
920 4088 966 4146 IV
982 4091 999 4143 5
1019 4090 1101 4159 (673).
1136 4091 1218 4144 Poca.
1234 4087 1250 4142 Ι
1267 4089 1285 4143 3
1301 4090 1383 4158 (410).

164 4176 261 4230 Pseud.
286 4173 431 4244 Ι4(394).
467 4175 537 4229 Rad.
560 4172 608 4228 m
628 4179 657 4240 4,
679 4175 713 4230 75
734 4174 819 4243 (780).
860 4174 983 4230 7111511
1000 4176 1017 4229 3
1033 4176 1114 4245 (392),
1133 4174 1181 4228 ubi
1209 4174 1240 4227 in
1265 4174 1291 4229 B
1317 4191 1384 4230 casu

163 4260 309 4315 distinctio
327 4261 450 4316 evanuit.
484 4265 629 4330 praeterea
653 4260 778 4312 conferas
797 4259 882 4314 velim
905 4277 975 4328 quae
995 4261 1025 4313 in
1043 4259 1067 4314 P
1085 4259 1153 4314 solis
1171 4263 1298 4314 servatae
1315 4262 1382 4314 sunt

162 4345 357 4401 memorabiles
377 4344 569 4414 genuinasque
580 4347 639 4398 sine
657 4343 743 4397 dubio
756 4359 871 4399 scaenae
883 4344 1039 4399 disiunctae
1052 4344 1112 4398 Ma
1125 4343 1384 4413 9511136094).

164 4429 261 4484 Bacch.
280 4429 448 4498 111111).
484 4428 563 4482 Most.
578 4429 629 4483 409
646 4427 826 4498 (Spengelius
843 4428 862 4482 1.
881 4446 904 4482 c.
921 4446 948 4498 p.
966 4429 1034 4495 275).
1074 4428 1146 4482 Tria.
1165 4428 1223 4484 998.
