<?xml version="1.0" encoding="UTF-8"?>
<!DOCTYPE html PUBLIC "-//W3C//DTD XHTML 1.0 Transitional//EN"
    "http://www.w3.org/TR/xhtml1/DTD/xhtml1-transitional.dtd">
<html xmlns="http://www.w3.org/1999/xhtml" xml:lang="en" lang="en">
 <head>
  <title>
</title>
<meta http-equiv="Content-Type" content="text/html;charset=utf-8" />
  <meta name='ocr-system' content='tesseract 3.04.00' />
  <meta name='ocr-capabilities' content='ocr_page ocr_carea ocr_par ocr_line ocrx_word'/>
</head>
<body>
  <div class='ocr_page' id='page_1' title='image "./deplautifabular01baiegoog_0045.png"; bbox 0 0 3038 5220; ppageno 0'>
   <div class='ocr_carea' id='block_1_1' title="bbox 807 270 1008 380">
    <p class='ocr_par' dir='ltr' id='par_1_1' title="bbox 807 270 1008 380">
     <span class='ocr_line' id='line_1_1' title="bbox 807 270 1008 380; baseline 0 -37"><span class='ocrx_word' id='word_1_1' title='bbox 807 270 1008 380; x_wconf 33' lang='grc'><strong>*3-6-</strong></span> 
     </span>
    </p>
   </div>
   <div class='ocr_carea' id='block_1_2' title="bbox 301 480 1519 677">
    <p class='ocr_par' dir='ltr' id='par_1_2' title="bbox 301 480 1519 677">
     <span class='ocr_line' id='line_1_2' title="bbox 301 480 1519 570; baseline -0.005 -18"><span class='ocrx_word' id='word_1_2' title='bbox 301 488 354 552; x_wconf 82' lang='lat' dir='ltr'>Ex</span> <span class='ocrx_word' id='word_1_3' title='bbox 378 487 488 552; x_wconf 90' lang='lat' dir='ltr'>multis</span> <span class='ocrx_word' id='word_1_4' title='bbox 505 496 602 570; x_wconf 89' lang='lat' dir='ltr'>atque</span> <span class='ocrx_word' id='word_1_5' title='bbox 625 485 757 569; x_wconf 82' lang='lat' dir='ltr'>exquire</span> <span class='ocrx_word' id='word_1_6' title='bbox 774 482 844 570; x_wconf 86' lang='lat' dir='ltr'>[ex]</span> <span class='ocrx_word' id='word_1_7' title='bbox 854 485 881 569; x_wconf 90' lang='lat'>¹)</span> <span class='ocrx_word' id='word_1_8' title='bbox 903 482 966 547; x_wconf 90' lang='lat' dir='ltr'>illis</span> <span class='ocrx_word' id='word_1_9' title='bbox 982 481 1093 547; x_wconf 88' lang='lat' dir='ltr'>amicis</span> <span class='ocrx_word' id='word_1_10' title='bbox 1110 505 1209 547; x_wconf 90' lang='lat' dir='ltr'>unum</span> <span class='ocrx_word' id='word_1_11' title='bbox 1224 481 1280 566; x_wconf 92' lang='lat' dir='ltr'>qni</span> <span class='ocrx_word' id='word_1_12' title='bbox 1295 490 1426 549; x_wconf 74' lang='lat' dir='ltr'>cannot</span> <span class='ocrx_word' id='word_1_13' title='bbox 1443 480 1519 547; x_wconf 65' lang='lat' dir='ltr'>ced*</span> 
     </span>
     <span class='ocr_line' id='line_1_3' title="bbox 302 584 1519 677; baseline -0.005 -22"><span class='ocrx_word' id='word_1_14' title='bbox 302 613 399 677; x_wconf 91' lang='lat' dir='ltr'>quam</span> <span class='ocrx_word' id='word_1_15' title='bbox 422 587 590 653; x_wconf 89' lang='lat' dir='ltr'>lectionem</span> <span class='ocrx_word' id='word_1_16' title='bbox 613 588 680 653; x_wconf 90' lang='lat' dir='ltr'>sive</span> <span class='ocrx_word' id='word_1_17' title='bbox 704 608 777 652; x_wconf 91' lang='lat' dir='ltr'>cum</span> <span class='ocrx_word' id='word_1_18' title='bbox 794 585 972 651; x_wconf 85' lang='lat' dir='ltr'>Bitschelio</span> <span class='ocrx_word' id='word_1_19' title='bbox 994 595 1072 670; x_wconf 87' lang='lat' dir='ltr'>puta</span> <span class='ocrx_word' id='word_1_20' title='bbox 1095 584 1199 650; x_wconf 86' lang='lat' dir='ltr'>redire</span> <span class='ocrx_word' id='word_1_21' title='bbox 1222 585 1265 650; x_wconf 86' lang='lat' dir='ltr'>ad</span> <span class='ocrx_word' id='word_1_22' title='bbox 1279 584 1367 650; x_wconf 85' lang='lat' dir='ltr'>hanc</span> <span class='ocrx_word' id='word_1_23' title='bbox 1381 585 1519 651; x_wconf 82' lang='lat' dir='ltr'>forma</span> 
     </span>
    </p>
   </div>
   <div class='ocr_carea' id='block_1_3' title="bbox 302 703 1414 998">
    <p class='ocr_par' dir='ltr' id='par_1_3' title="bbox 302 703 1414 998">
     <span class='ocr_line' id='line_1_4' title="bbox 406 703 1414 794; baseline -0.003 -22"><span class='ocrx_word' id='word_1_24' title='bbox 406 707 518 794; x_wconf 83' lang='lat' dir='ltr'><strong>Atque</strong></span> <span class='ocrx_word' id='word_1_25' title='bbox 541 727 702 792; x_wconf 82' lang='lat' dir='ltr'>exquaere</span> <span class='ocrx_word' id='word_1_26' title='bbox 725 728 765 769; x_wconf 86' lang='lat' dir='ltr'>ex</span> <span class='ocrx_word' id='word_1_27' title='bbox 787 704 851 769; x_wconf 92' lang='lat' dir='ltr'>illis</span> <span class='ocrx_word' id='word_1_28' title='bbox 874 705 983 771; x_wconf 89' lang='lat' dir='ltr'>multis</span> <span class='ocrx_word' id='word_1_29' title='bbox 1004 727 1115 783; x_wconf 88' lang='lat' dir='ltr'>unum,</span> <span class='ocrx_word' id='word_1_30' title='bbox 1138 704 1194 791; x_wconf 90' lang='lat' dir='ltr'>qni</span> <span class='ocrx_word' id='word_1_31' title='bbox 1216 714 1323 770; x_wconf 85' lang='lat' dir='ltr'>certus</span> <span class='ocrx_word' id='word_1_32' title='bbox 1347 703 1414 770; x_wconf 88' lang='lat' dir='ltr'>siet</span> 
     </span>
     <span class='ocr_line' id='line_1_5' title="bbox 302 807 856 893; baseline -0.007 -19"><span class='ocrx_word' id='word_1_33' title='bbox 302 812 370 875; x_wconf 93' lang='lat' dir='ltr'>sive</span> <span class='ocrx_word' id='word_1_34' title='bbox 393 832 467 876; x_wconf 90' lang='lat' dir='ltr'>cum</span> <span class='ocrx_word' id='word_1_35' title='bbox 488 807 683 893; x_wconf 90' lang='lat' dir='ltr'>Niemeyero</span> <span class='ocrx_word' id='word_1_36' title='bbox 706 807 748 872; x_wconf 88' lang='lat' dir='ltr'>ad</span> <span class='ocrx_word' id='word_1_37' title='bbox 771 807 856 871; x_wconf 84' lang='lat' dir='ltr'>hanc</span> 
     </span>
     <span class='ocr_line' id='line_1_6' title="bbox 407 908 1377 998; baseline -0.001 -23"><span class='ocrx_word' id='word_1_38' title='bbox 407 912 515 998; x_wconf 84' lang='lat' dir='ltr'>Atque</span> <span class='ocrx_word' id='word_1_39' title='bbox 538 911 673 998; x_wconf 83' lang='lat' dir='ltr'>exquire</span> <span class='ocrx_word' id='word_1_40' title='bbox 695 933 735 974; x_wconf 87' lang='lat' dir='ltr'>ex</span> <span class='ocrx_word' id='word_1_41' title='bbox 760 909 867 976; x_wconf 89' lang='lat' dir='ltr'>multis</span> <span class='ocrx_word' id='word_1_42' title='bbox 889 908 952 973; x_wconf 92' lang='lat' dir='ltr'>illis</span> <span class='ocrx_word' id='word_1_43' title='bbox 977 931 1084 985; x_wconf 90' lang='lat' dir='ltr'>unum,</span> <span class='ocrx_word' id='word_1_44' title='bbox 1108 908 1163 995; x_wconf 90' lang='lat' dir='ltr'>qui</span> <span class='ocrx_word' id='word_1_45' title='bbox 1186 918 1292 974; x_wconf 87' lang='lat' dir='ltr'>certus</span> <span class='ocrx_word' id='word_1_46' title='bbox 1313 908 1377 975; x_wconf 87' lang='lat' dir='ltr'>siet</span> 
     </span>
    </p>
   </div>
   <div class='ocr_carea' id='block_1_4' title="bbox 300 1027 1519 3885">
    <p class='ocr_par' dir='ltr' id='par_1_4' title="bbox 300 1027 1519 3885">
     <span class='ocr_line' id='line_1_7' title="bbox 300 1027 1518 1117; baseline -0.002 -22"><span class='ocrx_word' id='word_1_47' title='bbox 300 1042 372 1117; x_wconf 94' lang='lat' dir='ltr'>post</span> <span class='ocrx_word' id='word_1_48' title='bbox 394 1040 537 1096; x_wconf 89' lang='lat' dir='ltr'>nostram</span> <span class='ocrx_word' id='word_1_49' title='bbox 560 1030 808 1115; x_wconf 89' lang='lat' dir='ltr'>disputationem</span> <span class='ocrx_word' id='word_1_50' title='bbox 831 1040 956 1095; x_wconf 88' lang='lat' dir='ltr'>constat</span> <span class='ocrx_word' id='word_1_51' title='bbox 985 1050 1080 1093; x_wconf 91' lang='lat' dir='ltr'>versu</span> <span class='ocrx_word' id='word_1_52' title='bbox 1102 1027 1163 1094; x_wconf 84' lang='lat'>391</span> <span class='ocrx_word' id='word_1_53' title='bbox 1193 1027 1293 1093; x_wconf 89' lang='lat' dir='ltr'>eiecto</span> <span class='ocrx_word' id='word_1_54' title='bbox 1316 1038 1413 1115; x_wconf 77' lang='lat' dir='ltr'>atqua</span> <span class='ocrx_word' id='word_1_55' title='bbox 1442 1028 1518 1096; x_wconf 90' lang='lat' dir='ltr'>null</span> 
     </span>
     <span class='ocr_line' id='line_1_8' title="bbox 301 1129 1519 1220; baseline -0.001 -22"><span class='ocrx_word' id='word_1_56' title='bbox 301 1135 395 1198; x_wconf 91' lang='lat' dir='ltr'>modo</span> <span class='ocrx_word' id='word_1_57' title='bbox 417 1133 494 1198; x_wconf 84' lang='lat' dir='ltr'>ferri</span> <span class='ocrx_word' id='word_1_58' title='bbox 516 1154 625 1218; x_wconf 92' lang='lat' dir='ltr'>posse;</span> <span class='ocrx_word' id='word_1_59' title='bbox 654 1155 750 1220; x_wconf 89' lang='lat' dir='ltr'>quam</span> <span class='ocrx_word' id='word_1_60' title='bbox 774 1153 885 1197; x_wconf 89' lang='lat' dir='ltr'>vocem</span> <span class='ocrx_word' id='word_1_61' title='bbox 908 1133 941 1195; x_wconf 94' lang='lat' dir='ltr'>in</span> <span class='ocrx_word' id='word_1_62' title='bbox 963 1130 992 1194; x_wconf 92' lang='lat' dir='ltr'>P</span> <span class='ocrx_word' id='word_1_63' title='bbox 1014 1152 1077 1194; x_wconf 92' lang='lat' dir='ltr'>non</span> <span class='ocrx_word' id='word_1_64' title='bbox 1100 1129 1254 1214; x_wconf 86' lang='lat' dir='ltr'>scriptam</span> <span class='ocrx_word' id='word_1_65' title='bbox 1276 1142 1418 1218; x_wconf 87' lang='lat' dir='ltr'>apparet</span> <span class='ocrx_word' id='word_1_66' title='bbox 1442 1132 1480 1197; x_wconf 89' lang='lat' dir='ltr'>in</span> <span class='ocrx_word' id='word_1_67' title='bbox 1513 1159 1519 1189; x_wconf 68' lang='lat' dir='ltr'>s</span> 
     </span>
     <span class='ocr_line' id='line_1_9' title="bbox 301 1231 1516 1317; baseline -0.001 -17"><span class='ocrx_word' id='word_1_68' title='bbox 301 1235 343 1301; x_wconf 91' lang='lat' dir='ltr'>ab</span> <span class='ocrx_word' id='word_1_69' title='bbox 365 1247 494 1300; x_wconf 86' lang='lat' dir='ltr'>auctore</span> <span class='ocrx_word' id='word_1_70' title='bbox 516 1235 720 1317; x_wconf 80' lang='lat' dir='ltr'>recensionis,</span> <span class='ocrx_word' id='word_1_71' title='bbox 745 1245 779 1300; x_wconf 91' lang='lat' dir='ltr'>ut</span> <span class='ocrx_word' id='word_1_72' title='bbox 805 1257 834 1298; x_wconf 89' lang='lat' dir='ltr'>v.</span> <span class='ocrx_word' id='word_1_73' title='bbox 857 1235 919 1298; x_wconf 83' lang='grc'>392</span> <span class='ocrx_word' id='word_1_74' title='bbox 942 1256 1016 1299; x_wconf 89' lang='lat' dir='ltr'>cum</span> <span class='ocrx_word' id='word_1_75' title='bbox 1039 1232 1241 1298; x_wconf 83' lang='lat' dir='ltr'>antecedenti</span> <span class='ocrx_word' id='word_1_76' title='bbox 1262 1231 1324 1297; x_wconf 84' lang='grc'>391</span> <span class='ocrx_word' id='word_1_77' title='bbox 1347 1231 1516 1300; x_wconf 86' lang='lat' dir='ltr'>subditici</span> 
     </span>
     <span class='ocr_line' id='line_1_10' title="bbox 302 1334 1507 1426; baseline -0.006 -23"><span class='ocrx_word' id='word_1_78' title='bbox 302 1339 566 1425; x_wconf 87' lang='lat' dir='ltr'>coniungeretur,</span> <span class='ocrx_word' id='word_1_79' title='bbox 599 1336 822 1421; x_wconf 79' lang='lat' dir='ltr'>interpolatam</span> <span class='ocrx_word' id='word_1_80' title='bbox 851 1359 935 1414; x_wconf 82' lang='lat' dir='ltr'>esse3</span> <span class='ocrx_word' id='word_1_81' title='bbox 970 1335 1121 1420; x_wconf 76' lang='lat' dir='ltr'>quocirca</span> <span class='ocrx_word' id='word_1_82' title='bbox 1147 1358 1210 1400; x_wconf 90' lang='lat' dir='ltr'>non</span> <span class='ocrx_word' id='word_1_83' title='bbox 1241 1334 1333 1413; x_wconf 89' lang='lat' dir='ltr'>licet,</span> <span class='ocrx_word' id='word_1_84' title='bbox 1367 1335 1406 1400; x_wconf 90' lang='lat' dir='ltr'>in</span> <span class='ocrx_word' id='word_1_85' title='bbox 1441 1361 1507 1426; x_wconf 89' lang='lat' dir='ltr'>qu</span> 
     </span>
     <span class='ocr_line' id='line_1_11' title="bbox 301 1436 1501 1524; baseline 0.003 -21"><span class='ocrx_word' id='word_1_86' title='bbox 301 1439 395 1504; x_wconf 83' lang='lat' dir='ltr'>facile</span> <span class='ocrx_word' id='word_1_87' title='bbox 418 1437 578 1523; x_wconf 86' lang='lat' dir='ltr'>quispiam</span> <span class='ocrx_word' id='word_1_88' title='bbox 600 1437 759 1514; x_wconf 88' lang='lat' dir='ltr'>inciderit,</span> <span class='ocrx_word' id='word_1_89' title='bbox 782 1437 843 1501; x_wconf 89' lang='lat' dir='ltr'>hac</span> <span class='ocrx_word' id='word_1_90' title='bbox 861 1439 1019 1524; x_wconf 85' lang='lat' dir='ltr'>scriptura</span> <span class='ocrx_word' id='word_1_91' title='bbox 1035 1437 1243 1503; x_wconf 86' lang='lat' dir='ltr'>Ambrosiani</span> <span class='ocrx_word' id='word_1_92' title='bbox 1260 1436 1411 1503; x_wconf 85' lang='lat' dir='ltr'>adhibita</span> <span class='ocrx_word' id='word_1_93' title='bbox 1432 1440 1501 1506; x_wconf 84' lang='lat' dir='ltr'>ede</span> 
     </span>
     <span class='ocr_line' id='line_1_12' title="bbox 302 1539 1518 1627; baseline 0.006 -24"><span class='ocrx_word' id='word_1_94' title='bbox 302 1544 388 1627; x_wconf 83' lang='lat' dir='ltr'>atqui</span> <span class='ocrx_word' id='word_1_95' title='bbox 406 1561 559 1626; x_wconf 81' lang='lat' dir='ltr'>ecqucerc,</span> <span class='ocrx_word' id='word_1_96' title='bbox 587 1539 644 1604; x_wconf 92' lang='lat' dir='ltr'>sed</span> <span class='ocrx_word' id='word_1_97' title='bbox 658 1540 871 1604; x_wconf 83' lang='lat' dir='ltr'>concedamus</span> <span class='ocrx_word' id='word_1_98' title='bbox 888 1561 1017 1604; x_wconf 90' lang='lat' dir='ltr'>necesse</span> <span class='ocrx_word' id='word_1_99' title='bbox 1040 1552 1087 1605; x_wconf 91' lang='lat' dir='ltr'>est</span> <span class='ocrx_word' id='word_1_100' title='bbox 1105 1562 1232 1604; x_wconf 89' lang='lat' dir='ltr'>versum</span> <span class='ocrx_word' id='word_1_101' title='bbox 1256 1561 1410 1606; x_wconf 89' lang='lat' dir='ltr'>mancum</span> <span class='ocrx_word' id='word_1_102' title='bbox 1434 1543 1518 1610; x_wconf 83' lang='lat' dir='ltr'>nob&#39;</span> 
     </span>
     <span class='ocr_line' id='line_1_13' title="bbox 301 1641 1516 1729; baseline 0.003 -21"><span class='ocrx_word' id='word_1_103' title='bbox 301 1643 454 1708; x_wconf 87' lang='lat' dir='ltr'>traditum</span> <span class='ocrx_word' id='word_1_104' title='bbox 477 1664 563 1720; x_wconf 92' lang='lat' dir='ltr'>esse,</span> <span class='ocrx_word' id='word_1_105' title='bbox 586 1641 677 1707; x_wconf 92' lang='lat' dir='ltr'>cuius</span> <span class='ocrx_word' id='word_1_106' title='bbox 700 1643 880 1706; x_wconf 84' lang='lat' dir='ltr'>emendatio</span> <span class='ocrx_word' id='word_1_107' title='bbox 903 1664 1033 1729; x_wconf 87' lang='lat' dir='ltr'>prorsus</span> <span class='ocrx_word' id='word_1_108' title='bbox 1056 1643 1144 1708; x_wconf 89' lang='lat' dir='ltr'>nulla</span> <span class='ocrx_word' id='word_1_109' title='bbox 1165 1642 1378 1708; x_wconf 87' lang='lat' dir='ltr'>Ambrosiani</span> <span class='ocrx_word' id='word_1_110' title='bbox 1402 1645 1516 1712; x_wconf 89' lang='lat' dir='ltr'>ration</span> 
     </span>
     <span class='ocr_line' id='line_1_14' title="bbox 301 1744 1501 1835; baseline 0.006 -25"><span class='ocrx_word' id='word_1_111' title='bbox 301 1746 411 1831; x_wconf 87' lang='lat' dir='ltr'>habita</span> <span class='ocrx_word' id='word_1_112' title='bbox 434 1744 630 1808; x_wconf 87' lang='lat' dir='ltr'>instituenda</span> <span class='ocrx_word' id='word_1_113' title='bbox 659 1757 717 1826; x_wconf 83' lang='lat' dir='ltr'>est,</span> <span class='ocrx_word' id='word_1_114' title='bbox 742 1744 892 1809; x_wconf 90' lang='lat' dir='ltr'>velutad</span> <span class='ocrx_word' id='word_1_115' title='bbox 916 1744 975 1809; x_wconf 91' lang='lat' dir='ltr'>hoc</span> <span class='ocrx_word' id='word_1_116' title='bbox 998 1745 1198 1829; x_wconf 86' lang='lat' dir='ltr'>exemplum:</span> <span class='ocrx_word' id='word_1_117' title='bbox 1222 1745 1280 1822; x_wconf 87' lang='lat' dir='ltr'>‚At</span> <span class='ocrx_word' id='word_1_118' title='bbox 1301 1755 1336 1810; x_wconf 90' lang='lat' dir='ltr'>tn</span> <span class='ocrx_word' id='word_1_119' title='bbox 1358 1768 1501 1835; x_wconf 78' lang='lat' dir='ltr'>exquae</span> 
     </span>
     <span class='ocr_line' id='line_1_15' title="bbox 303 1848 1519 1930; baseline 0 -18"><span class='ocrx_word' id='word_1_120' title='bbox 303 1871 343 1912; x_wconf 86' lang='lat' dir='ltr'>ex</span> <span class='ocrx_word' id='word_1_121' title='bbox 372 1848 445 1911; x_wconf 90' lang='lat' dir='ltr'>illis‘</span> <span class='ocrx_word' id='word_1_122' title='bbox 478 1868 506 1911; x_wconf 89' lang='lat' dir='ltr'>e.</span> <span class='ocrx_word' id='word_1_123' title='bbox 534 1868 565 1930; x_wconf 93' lang='lat' dir='ltr'>q.</span> <span class='ocrx_word' id='word_1_124' title='bbox 594 1869 625 1923; x_wconf 89' lang='lat' dir='ltr'>s;</span> <span class='ocrx_word' id='word_1_125' title='bbox 660 1849 699 1910; x_wconf 85' lang='lat' dir='ltr'>cl.</span> <span class='ocrx_word' id='word_1_126' title='bbox 727 1848 839 1910; x_wconf 83' lang='lat' dir='ltr'>Pseud.</span> <span class='ocrx_word' id='word_1_127' title='bbox 867 1849 917 1916; x_wconf 84' lang='grc'>32.</span> <span class='ocrx_word' id='word_1_128' title='bbox 973 1852 1066 1914; x_wconf 82' lang='lat' dir='ltr'>Mero.</span> <span class='ocrx_word' id='word_1_129' title='bbox 1097 1849 1167 1914; x_wconf 84' lang='lat'>137.</span> <span class='ocrx_word' id='word_1_130' title='bbox 1222 1850 1306 1914; x_wconf 82' lang='lat' dir='ltr'>Pers.</span> <span class='ocrx_word' id='word_1_131' title='bbox 1337 1849 1416 1915; x_wconf 84' lang='grc'>242.</span> <span class='ocrx_word' id='word_1_132' title='bbox 1456 1852 1519 1918; x_wconf 80' lang='lat'>28:</span> 
     </span>
     <span class='ocr_line' id='line_1_16' title="bbox 302 1949 1519 2042; baseline 0.003 -27"><span class='ocrx_word' id='word_1_133' title='bbox 302 1953 367 2015; x_wconf 90' lang='lat' dir='ltr'>iam</span> <span class='ocrx_word' id='word_1_134' title='bbox 398 1951 440 2014; x_wconf 88' lang='lat' dir='ltr'>ad</span> <span class='ocrx_word' id='word_1_135' title='bbox 475 1971 588 2015; x_wconf 87' lang='lat' dir='ltr'>versus</span> <span class='ocrx_word' id='word_1_136' title='bbox 629 1949 724 2013; x_wconf 88' lang='lat' dir='ltr'>finem</span> <span class='ocrx_word' id='word_1_137' title='bbox 763 1971 981 2034; x_wconf 89' lang='lat' dir='ltr'>properamus.</span> <span class='ocrx_word' id='word_1_138' title='bbox 1046 1952 1102 2039; x_wconf 92' lang='lat' dir='ltr'>qui</span> <span class='ocrx_word' id='word_1_139' title='bbox 1143 1975 1217 2018; x_wconf 89' lang='lat' dir='ltr'>curn</span> <span class='ocrx_word' id='word_1_140' title='bbox 1255 1952 1289 2016; x_wconf 93' lang='lat' dir='ltr'>in</span> <span class='ocrx_word' id='word_1_141' title='bbox 1323 1952 1358 2017; x_wconf 84' lang='lat' dir='ltr'>A</span> <span class='ocrx_word' id='word_1_142' title='bbox 1399 1952 1519 2042; x_wconf 85' lang='lat' dir='ltr'>legat</span> 
     </span>
     <span class='ocr_line' id='line_1_17' title="bbox 301 2053 1518 2142; baseline 0.001 -25"><span class='ocrx_word' id='word_1_143' title='bbox 301 2078 395 2117; x_wconf 83' lang='lat' dir='ltr'>unum</span> <span class='ocrx_word' id='word_1_144' title='bbox 427 2055 480 2138; x_wconf 83' lang='lat' dir='ltr'>qai</span> <span class='ocrx_word' id='word_1_145' title='bbox 512 2062 619 2115; x_wconf 79' lang='lat' dir='ltr'>certast</span> <span class='ocrx_word' id='word_1_146' title='bbox 652 2055 737 2125; x_wconf 79' lang='lat' dir='ltr'>cedo,</span> <span class='ocrx_word' id='word_1_147' title='bbox 777 2053 809 2115; x_wconf 92' lang='lat' dir='ltr'>in</span> <span class='ocrx_word' id='word_1_148' title='bbox 837 2053 866 2117; x_wconf 92' lang='lat' dir='ltr'>P</span> <span class='ocrx_word' id='word_1_149' title='bbox 897 2078 990 2118; x_wconf 84' lang='lat' dir='ltr'>unum</span> <span class='ocrx_word' id='word_1_150' title='bbox 1017 2058 1070 2142; x_wconf 84' lang='lat' dir='ltr'>qai</span> <span class='ocrx_word' id='word_1_151' title='bbox 1096 2068 1191 2120; x_wconf 69' lang='lat' dir='ltr'>catus</span> <span class='ocrx_word' id='word_1_152' title='bbox 1211 2057 1280 2130; x_wconf 78' lang='lat' dir='ltr'>ciet,</span> <span class='ocrx_word' id='word_1_153' title='bbox 1308 2066 1518 2123; x_wconf 78' lang='lat' dir='ltr'>correctore·</span> 
     </span>
     <span class='ocr_line' id='line_1_18' title="bbox 302 2154 1514 2247; baseline 0.004 -27"><span class='ocrx_word' id='word_1_154' title='bbox 302 2156 471 2222; x_wconf 92' lang='lat' dir='ltr'>metricum</span> <span class='ocrx_word' id='word_1_155' title='bbox 502 2155 535 2219; x_wconf 93' lang='lat' dir='ltr'>in</span> <span class='ocrx_word' id='word_1_156' title='bbox 567 2155 596 2218; x_wconf 89' lang='lat' dir='ltr'><strong>A</strong></span> <span class='ocrx_word' id='word_1_157' title='bbox 631 2155 799 2220; x_wconf 84' lang='lat' dir='ltr'>manifesto</span> <span class='ocrx_word' id='word_1_158' title='bbox 829 2169 989 2236; x_wconf 83' lang='lat' dir='ltr'>tenemus3</span> <span class='ocrx_word' id='word_1_159' title='bbox 1020 2158 1075 2246; x_wconf 93' lang='lat' dir='ltr'>qui</span> <span class='ocrx_word' id='word_1_160' title='bbox 1111 2179 1184 2224; x_wconf 90' lang='lat' dir='ltr'>cum</span> <span class='ocrx_word' id='word_1_161' title='bbox 1214 2154 1279 2221; x_wconf 78' lang='lat' dir='ltr'>non&#39;</span> <span class='ocrx_word' id='word_1_162' title='bbox 1311 2157 1514 2247; x_wconf 84' lang='lat' dir='ltr'>intellegere</span> 
     </span>
     <span class='ocr_line' id='line_1_19' title="bbox 303 2257 1518 2347; baseline 0.004 -23"><span class='ocrx_word' id='word_1_163' title='bbox 303 2281 397 2344; x_wconf 88' lang='lat' dir='ltr'>quem</span> <span class='ocrx_word' id='word_1_164' title='bbox 427 2257 586 2323; x_wconf 87' lang='lat' dir='ltr'>adfinem</span> <span class='ocrx_word' id='word_1_165' title='bbox 610 2260 681 2321; x_wconf 83' lang='lat' dir='ltr'>cedo</span> <span class='ocrx_word' id='word_1_166' title='bbox 708 2259 788 2325; x_wconf 91' lang='lat' dir='ltr'>illud</span> <span class='ocrx_word' id='word_1_167' title='bbox 817 2260 849 2323; x_wconf 93' lang='lat' dir='ltr'>in</span> <span class='ocrx_word' id='word_1_168' title='bbox 878 2261 1056 2347; x_wconf 83' lang='lat' dir='ltr'>archetypo</span> <span class='ocrx_word' id='word_1_169' title='bbox 1086 2261 1284 2346; x_wconf 90' lang='lat' dir='ltr'>adscriptum</span> <span class='ocrx_word' id='word_1_170' title='bbox 1308 2271 1412 2339; x_wconf 89' lang='lat' dir='ltr'>esset,</span> <span class='ocrx_word' id='word_1_171' title='bbox 1445 2262 1518 2329; x_wconf 87' lang='lat' dir='ltr'>ban</span> 
     </span>
     <span class='ocr_line' id='line_1_20' title="bbox 304 2361 1501 2455; baseline 0.003 -28"><span class='ocrx_word' id='word_1_172' title='bbox 304 2386 415 2428; x_wconf 92' lang='lat' dir='ltr'>vocem</span> <span class='ocrx_word' id='word_1_173' title='bbox 438 2361 546 2426; x_wconf 86' lang='lat' dir='ltr'>versui</span> <span class='ocrx_word' id='word_1_174' title='bbox 568 2361 708 2425; x_wconf 91' lang='lat' dir='ltr'>inserere</span> <span class='ocrx_word' id='word_1_175' title='bbox 731 2362 855 2428; x_wconf 88' lang='lat' dir='ltr'>studuit</span> <span class='ocrx_word' id='word_1_176' title='bbox 877 2373 980 2428; x_wconf 91' lang='lat' dir='ltr'>metro</span> <span class='ocrx_word' id='word_1_177' title='bbox 1006 2363 1051 2426; x_wconf 89' lang='lat' dir='ltr'>ita</span> <span class='ocrx_word' id='word_1_178' title='bbox 1074 2362 1255 2440; x_wconf 90' lang='lat' dir='ltr'>consulens,</span> <span class='ocrx_word' id='word_1_179' title='bbox 1277 2374 1313 2427; x_wconf 91' lang='lat' dir='ltr'>ut</span> <span class='ocrx_word' id='word_1_180' title='bbox 1333 2376 1453 2430; x_wconf 77' lang='lat' dir='ltr'>certast</span> <span class='ocrx_word' id='word_1_181' title='bbox 1477 2390 1501 2455; x_wconf 91' lang='lat' dir='ltr'>p</span> 
     </span>
     <span class='ocr_line' id='line_1_21' title="bbox 302 2463 1518 2550; baseline 0.006 -21"><span class='ocrx_word' id='word_1_182' title='bbox 302 2478 396 2530; x_wconf 74' lang='lat' dir='ltr'>certia</span> <span class='ocrx_word' id='word_1_183' title='bbox 433 2466 486 2528; x_wconf 84' lang='lat' dir='ltr'>sict</span> <span class='ocrx_word' id='word_1_184' title='bbox 523 2463 739 2528; x_wconf 85' lang='lat' dir='ltr'>substitueret.</span> <span class='ocrx_word' id='word_1_185' title='bbox 818 2464 1034 2550; x_wconf 89' lang='lat' dir='ltr'>Niemeyerns</span> <span class='ocrx_word' id='word_1_186' title='bbox 1073 2488 1149 2530; x_wconf 90' lang='lat' dir='ltr'>vero</span> <span class='ocrx_word' id='word_1_187' title='bbox 1191 2488 1254 2530; x_wconf 92' lang='lat' dir='ltr'>non</span> <span class='ocrx_word' id='word_1_188' title='bbox 1291 2465 1400 2531; x_wconf 90' lang='lat' dir='ltr'>solnm</span> <span class='ocrx_word' id='word_1_189' title='bbox 1447 2469 1518 2536; x_wconf 88' lang='lat' dir='ltr'>han</span> 
     </span>
     <span class='ocr_line' id='line_1_22' title="bbox 302 2567 1501 2655; baseline -0.002 -22"><span class='ocrx_word' id='word_1_190' title='bbox 302 2567 510 2633; x_wconf 88' lang='lat' dir='ltr'>Ambrosiani</span> <span class='ocrx_word' id='word_1_191' title='bbox 530 2567 748 2631; x_wconf 89' lang='lat' dir='ltr'>recensionem</span> <span class='ocrx_word' id='word_1_192' title='bbox 771 2590 833 2632; x_wconf 92' lang='lat' dir='ltr'>non</span> <span class='ocrx_word' id='word_1_193' title='bbox 857 2568 999 2655; x_wconf 87' lang='lat' dir='ltr'>agnovit,</span> <span class='ocrx_word' id='word_1_194' title='bbox 1022 2567 1079 2632; x_wconf 90' lang='lat' dir='ltr'>sed</span> <span class='ocrx_word' id='word_1_195' title='bbox 1104 2568 1200 2632; x_wconf 92' lang='lat' dir='ltr'>etiam</span> <span class='ocrx_word' id='word_1_196' title='bbox 1214 2567 1384 2633; x_wconf 89' lang='lat' dir='ltr'>Palatinos</span> <span class='ocrx_word' id='word_1_197' title='bbox 1399 2571 1501 2639; x_wconf 71' lang='lat' dir='ltr'>{rau</span> 
     </span>
     <span class='ocr_line' id='line_1_23' title="bbox 301 2666 1516 2759; baseline 0.006 -25"><span class='ocrx_word' id='word_1_198' title='bbox 301 2672 435 2737; x_wconf 89' lang='lat' dir='ltr'>incusat.</span> <span class='ocrx_word' id='word_1_199' title='bbox 475 2669 530 2757; x_wconf 90' lang='lat' dir='ltr'>qui</span> <span class='ocrx_word' id='word_1_200' title='bbox 554 2689 627 2732; x_wconf 86' lang='lat' dir='ltr'>curn</span> <span class='ocrx_word' id='word_1_201' title='bbox 645 2666 854 2733; x_wconf 89' lang='lat' dir='ltr'>Ambrosiani</span> <span class='ocrx_word' id='word_1_202' title='bbox 876 2670 1092 2755; x_wconf 87' lang='lat' dir='ltr'>corruptelam</span> <span class='ocrx_word' id='word_1_203' title='bbox 1115 2681 1221 2734; x_wconf 81' lang='lat' dir='ltr'>certast</span> <span class='ocrx_word' id='word_1_204' title='bbox 1243 2670 1373 2735; x_wconf 89' lang='lat' dir='ltr'>silentio</span> <span class='ocrx_word' id='word_1_205' title='bbox 1390 2695 1516 2759; x_wconf 88' lang='lat' dir='ltr'>prema</span> 
     </span>
     <span class='ocr_line' id='line_1_24' title="bbox 301 2771 1493 2859; baseline 0.005 -21"><span class='ocrx_word' id='word_1_206' title='bbox 301 2774 522 2838; x_wconf 89' lang='lat' dir='ltr'>Palatinornm</span> <span class='ocrx_word' id='word_1_207' title='bbox 545 2771 738 2856; x_wconf 86' lang='lat' dir='ltr'>scripturam</span> <span class='ocrx_word' id='word_1_208' title='bbox 760 2772 856 2836; x_wconf 89' lang='lat' dir='ltr'>tacite</span> <span class='ocrx_word' id='word_1_209' title='bbox 879 2773 1003 2859; x_wconf 90' lang='lat' dir='ltr'>recipit,</span> <span class='ocrx_word' id='word_1_210' title='bbox 1026 2772 1120 2837; x_wconf 87' lang='lat' dir='ltr'>sinml</span> <span class='ocrx_word' id='word_1_211' title='bbox 1144 2783 1252 2837; x_wconf 90' lang='lat' dir='ltr'>tamen</span> <span class='ocrx_word' id='word_1_212' title='bbox 1275 2783 1426 2858; x_wconf 87' lang='lat' dir='ltr'>questus,</span> <span class='ocrx_word' id='word_1_213' title='bbox 1453 2778 1493 2844; x_wconf 91' lang='lat' dir='ltr'>in</span> 
     </span>
     <span class='ocr_line' id='line_1_25' title="bbox 302 2872 1514 2964; baseline 0 -24"><span class='ocrx_word' id='word_1_214' title='bbox 302 2877 366 2941; x_wconf 92' lang='lat' dir='ltr'>duo</span> <span class='ocrx_word' id='word_1_215' title='bbox 394 2875 514 2938; x_wconf 88' lang='lat' dir='ltr'>indicia</span> <span class='ocrx_word' id='word_1_216' title='bbox 538 2872 724 2950; x_wconf 89' lang='lat' dir='ltr'>certissima,</span> <span class='ocrx_word' id='word_1_217' title='bbox 753 2873 871 2961; x_wconf 91' lang='lat' dir='ltr'>quibus</span> <span class='ocrx_word' id='word_1_218' title='bbox 897 2897 1008 2941; x_wconf 86' lang='lat' dir='ltr'>verum</span> <span class='ocrx_word' id='word_1_219' title='bbox 1032 2874 1161 2959; x_wconf 85' lang='lat' dir='ltr'>assequi</span> <span class='ocrx_word' id='word_1_220' title='bbox 1183 2878 1363 2961; x_wconf 87' lang='lat' dir='ltr'>possimus,</span> <span class='ocrx_word' id='word_1_221' title='bbox 1394 2900 1514 2964; x_wconf 65' lang='lat' dir='ltr'>prora</span> 
     </span>
     <span class='ocr_line' id='line_1_26' title="bbox 304 2975 1519 3065; baseline 0.001 -23"><span class='ocrx_word' id='word_1_222' title='bbox 304 2978 483 3042; x_wconf 86' lang='lat' dir='ltr'>evanuisse.</span> <span class='ocrx_word' id='word_1_223' title='bbox 533 2997 610 3039; x_wconf 89' lang='lat' dir='ltr'>sane</span> <span class='ocrx_word' id='word_1_224' title='bbox 638 2977 708 3039; x_wconf 80' lang='lat' dir='ltr'>cedo</span> <span class='ocrx_word' id='word_1_225' title='bbox 734 2975 769 3038; x_wconf 93' lang='lat' dir='ltr'>in</span> <span class='ocrx_word' id='word_1_226' title='bbox 795 2976 824 3040; x_wconf 95' lang='lat' dir='ltr'>P</span> <span class='ocrx_word' id='word_1_227' title='bbox 852 2977 997 3059; x_wconf 91' lang='lat' dir='ltr'>evanuit,</span> <span class='ocrx_word' id='word_1_228' title='bbox 1028 2977 1083 3042; x_wconf 93' lang='lat' dir='ltr'>sed</span> <span class='ocrx_word' id='word_1_229' title='bbox 1108 2978 1163 3065; x_wconf 91' lang='lat' dir='ltr'>qui</span> <span class='ocrx_word' id='word_1_230' title='bbox 1189 2977 1320 3043; x_wconf 87' lang='lat' dir='ltr'>tandem</span> <span class='ocrx_word' id='word_1_231' title='bbox 1342 2985 1519 3051; x_wconf 85' lang='lat' dir='ltr'>recensio</span> 
     </span>
     <span class='ocr_line' id='line_1_27' title="bbox 303 3077 1519 3167; baseline 0.002 -23"><span class='ocrx_word' id='word_1_232' title='bbox 303 3080 400 3145; x_wconf 90' lang='lat' dir='ltr'>tribui</span> <span class='ocrx_word' id='word_1_233' title='bbox 425 3089 526 3165; x_wconf 90' lang='lat' dir='ltr'>potest</span> <span class='ocrx_word' id='word_1_234' title='bbox 549 3077 678 3141; x_wconf 91' lang='lat' dir='ltr'>omissio</span> <span class='ocrx_word' id='word_1_235' title='bbox 701 3078 806 3156; x_wconf 85' lang='lat' dir='ltr'>verbi,</span> <span class='ocrx_word' id='word_1_236' title='bbox 835 3079 922 3167; x_wconf 93' lang='lat' dir='ltr'>quod</span> <span class='ocrx_word' id='word_1_237' title='bbox 945 3079 1078 3166; x_wconf 88' lang='lat' dir='ltr'>abipso</span> <span class='ocrx_word' id='word_1_238' title='bbox 1101 3102 1198 3146; x_wconf 88' lang='lat' dir='ltr'>versu</span> <span class='ocrx_word' id='word_1_239' title='bbox 1225 3103 1358 3166; x_wconf 89' lang='lat' dir='ltr'>prorsus</span> <span class='ocrx_word' id='word_1_240' title='bbox 1383 3084 1519 3156; x_wconf 89' lang='lat' dir='ltr'>alienu</span> 
     </span>
     <span class='ocr_line' id='line_1_28' title="bbox 303 3178 1517 3273; baseline 0.006 -27"><span class='ocrx_word' id='word_1_241' title='bbox 303 3194 350 3246; x_wconf 90' lang='lat' dir='ltr'>est</span> <span class='ocrx_word' id='word_1_242' title='bbox 367 3191 398 3244; x_wconf 86' lang='lat' dir='ltr'>et</span> <span class='ocrx_word' id='word_1_243' title='bbox 414 3181 551 3266; x_wconf 87' lang='lat' dir='ltr'>margini</span> <span class='ocrx_word' id='word_1_244' title='bbox 564 3178 638 3243; x_wconf 92' lang='lat' dir='ltr'>olim</span> <span class='ocrx_word' id='word_1_245' title='bbox 655 3178 853 3267; x_wconf 89' lang='lat' dir='ltr'>adscriptum</span> <span class='ocrx_word' id='word_1_246' title='bbox 869 3181 964 3245; x_wconf 86' lang='lat' dir='ltr'>facile</span> <span class='ocrx_word' id='word_1_247' title='bbox 980 3182 1105 3248; x_wconf 86' lang='lat' dir='ltr'>scribae</span> <span class='ocrx_word' id='word_1_248' title='bbox 1120 3184 1230 3248; x_wconf 90' lang='lat' dir='ltr'>oculos</span> <span class='ocrx_word' id='word_1_249' title='bbox 1244 3185 1359 3269; x_wconf 82' lang='lat' dir='ltr'>fugere</span> <span class='ocrx_word' id='word_1_250' title='bbox 1376 3199 1517 3273; x_wconf 83' lang='lat' dir='ltr'>poterat</span> 
     </span>
     <span class='ocr_line' id='line_1_29' title="bbox 303 3282 1518 3376; baseline 0.007 -28"><span class='ocrx_word' id='word_1_251' title='bbox 303 3297 391 3371; x_wconf 82' lang='lat' dir='ltr'>atque</span> <span class='ocrx_word' id='word_1_252' title='bbox 413 3306 499 3366; x_wconf 88' lang='lat' dir='ltr'>vero,</span> <span class='ocrx_word' id='word_1_253' title='bbox 523 3283 610 3367; x_wconf 92' lang='lat' dir='ltr'>quod</span> <span class='ocrx_word' id='word_1_254' title='bbox 633 3283 664 3346; x_wconf 93' lang='lat' dir='ltr'>in</span> <span class='ocrx_word' id='word_1_255' title='bbox 687 3282 721 3347; x_wconf 91' lang='lat' dir='ltr'><strong>A</strong></span> <span class='ocrx_word' id='word_1_256' title='bbox 744 3292 870 3346; x_wconf 87' lang='lat' dir='ltr'>tantum</span> <span class='ocrx_word' id='word_1_257' title='bbox 893 3293 993 3361; x_wconf 86' lang='lat' dir='ltr'>extat,</span> <span class='ocrx_word' id='word_1_258' title='bbox 1017 3305 1073 3348; x_wconf 91' lang='lat' dir='ltr'>cur</span> <span class='ocrx_word' id='word_1_259' title='bbox 1096 3307 1158 3349; x_wconf 91' lang='lat' dir='ltr'>non</span> <span class='ocrx_word' id='word_1_260' title='bbox 1182 3286 1283 3370; x_wconf 93' lang='lat' dir='ltr'>possit</span> <span class='ocrx_word' id='word_1_261' title='bbox 1304 3309 1366 3374; x_wconf 86' lang='lat' dir='ltr'>pro</span> <span class='ocrx_word' id='word_1_262' title='bbox 1383 3295 1518 3376; x_wconf 86' lang='lat' dir='ltr'>genuin</span> 
     </span>
     <span class='ocr_line' id='line_1_30' title="bbox 303 3384 1515 3474; baseline 0.002 -21"><span class='ocrx_word' id='word_1_263' title='bbox 303 3399 416 3474; x_wconf 90' lang='lat' dir='ltr'>poetae</span> <span class='ocrx_word' id='word_1_264' title='bbox 450 3387 609 3471; x_wconf 86' lang='lat' dir='ltr'>scriptura</span> <span class='ocrx_word' id='word_1_265' title='bbox 642 3384 769 3462; x_wconf 87' lang='lat' dir='ltr'>haberi,</span> <span class='ocrx_word' id='word_1_266' title='bbox 805 3385 899 3449; x_wconf 91' lang='lat' dir='ltr'>modo</span> <span class='ocrx_word' id='word_1_267' title='bbox 926 3386 1069 3470; x_wconf 86' lang='lat' dir='ltr'>exposui.</span> <span class='ocrx_word' id='word_1_268' title='bbox 1114 3387 1221 3472; x_wconf 89' lang='lat' dir='ltr'>itaque</span> <span class='ocrx_word' id='word_1_269' title='bbox 1252 3388 1320 3453; x_wconf 89' lang='lat' dir='ltr'>eius</span> <span class='ocrx_word' id='word_1_270' title='bbox 1344 3393 1515 3464; x_wconf 89' lang='lat' dir='ltr'>rationib</span> 
     </span>
     <span class='ocr_line' id='line_1_31' title="bbox 302 3487 1519 3575; baseline 0.004 -21"><span class='ocrx_word' id='word_1_271' title='bbox 302 3491 390 3554; x_wconf 91' lang='lat' dir='ltr'>nullo</span> <span class='ocrx_word' id='word_1_272' title='bbox 429 3488 524 3553; x_wconf 93' lang='lat' dir='ltr'>modo</span> <span class='ocrx_word' id='word_1_273' title='bbox 556 3487 769 3552; x_wconf 84' lang='lat' dir='ltr'>labefactatur</span> <span class='ocrx_word' id='word_1_274' title='bbox 803 3488 889 3575; x_wconf 93' lang='lat' dir='ltr'>quod</span> <span class='ocrx_word' id='word_1_275' title='bbox 917 3488 1150 3568; x_wconf 89' lang='lat' dir='ltr'>demonstravi,</span> <span class='ocrx_word' id='word_1_276' title='bbox 1183 3491 1217 3554; x_wconf 92' lang='lat' dir='ltr'>in</span> <span class='ocrx_word' id='word_1_277' title='bbox 1244 3491 1278 3557; x_wconf 91' lang='lat' dir='ltr'>A</span> <span class='ocrx_word' id='word_1_278' title='bbox 1309 3509 1519 3566; x_wconf 85' lang='lat' dir='ltr'>correctore</span> 
     </span>
     <span class='ocr_line' id='line_1_32' title="bbox 304 3591 1519 3690; baseline 0.005 -33"><span class='ocrx_word' id='word_1_279' title='bbox 304 3593 411 3658; x_wconf 86' lang='lat' dir='ltr'>sensui</span> <span class='ocrx_word' id='word_1_280' title='bbox 433 3592 622 3657; x_wconf 88' lang='lat' dir='ltr'>subvenisse</span> <span class='ocrx_word' id='word_1_281' title='bbox 646 3591 757 3655; x_wconf 90' lang='lat' dir='ltr'>addita</span> <span class='ocrx_word' id='word_1_282' title='bbox 779 3613 859 3655; x_wconf 90' lang='lat' dir='ltr'>voce</span> <span class='ocrx_word' id='word_1_283' title='bbox 882 3603 980 3677; x_wconf 83' lang='lat' dir='ltr'>atque,</span> <span class='ocrx_word' id='word_1_284' title='bbox 1010 3593 1103 3658; x_wconf 89' lang='lat' dir='ltr'>metri</span> <span class='ocrx_word' id='word_1_285' title='bbox 1125 3615 1202 3658; x_wconf 85' lang='lat' dir='ltr'>vero</span> <span class='ocrx_word' id='word_1_286' title='bbox 1226 3594 1331 3679; x_wconf 82' lang='lat' dir='ltr'>gratia</span> <span class='ocrx_word' id='word_1_287' title='bbox 1356 3601 1519 3690; x_wconf 88' lang='lat' dir='ltr'>scripsi</span> 
     </span>
     <span class='ocr_line' id='line_1_33' title="bbox 303 3695 1519 3794; baseline 0.006 -34"><span class='ocrx_word' id='word_1_288' title='bbox 303 3708 409 3762; x_wconf 69' lang='lat' dir='ltr'>catast</span> <span class='ocrx_word' id='word_1_289' title='bbox 437 3717 495 3782; x_wconf 91' lang='lat' dir='ltr'>pro</span> <span class='ocrx_word' id='word_1_290' title='bbox 518 3706 612 3759; x_wconf 79' lang='lat' dir='ltr'>cartas</span> <span class='ocrx_word' id='word_1_291' title='bbox 632 3697 695 3758; x_wconf 82' lang='lat' dir='ltr'>siet.</span> <span class='ocrx_word' id='word_1_292' title='bbox 740 3704 875 3778; x_wconf 88' lang='lat' dir='ltr'>utroque</span> <span class='ocrx_word' id='word_1_293' title='bbox 902 3695 973 3760; x_wconf 93' lang='lat' dir='ltr'>loco</span> <span class='ocrx_word' id='word_1_294' title='bbox 995 3696 1136 3760; x_wconf 89' lang='lat' dir='ltr'>Palatini</span> <span class='ocrx_word' id='word_1_295' title='bbox 1164 3717 1237 3760; x_wconf 88' lang='lat' dir='ltr'>cnm</span> <span class='ocrx_word' id='word_1_296' title='bbox 1259 3696 1323 3761; x_wconf 91' lang='lat' dir='ltr'>fide</span> <span class='ocrx_word' id='word_1_297' title='bbox 1354 3702 1519 3794; x_wconf 59' lang='lat' dir='ltr'>archetyr</span> 
     </span>
     <span class='ocr_line' id='line_1_34' title="bbox 302 3801 771 3885; baseline -0.009 -20"><span class='ocrx_word' id='word_1_298' title='bbox 302 3801 496 3885; x_wconf 85' lang='lat' dir='ltr'>scripturam</span> <span class='ocrx_word' id='word_1_299' title='bbox 520 3808 771 3884; x_wconf 87' lang='lat' dir='ltr'>repraesentant.</span> 
     </span>
    </p>
   </div>
   <div class='ocr_carea' id='block_1_5' title="bbox 346 3919 524 3985">
    <p class='ocr_par' dir='ltr' id='par_1_5' title="bbox 346 3919 524 3985">
     <span class='ocr_line' id='line_1_35' title="bbox 346 3919 524 3985; baseline -0.011 0"><span class='ocrx_word' id='word_1_300' title='bbox 346 3921 439 3985; x_wconf 76' lang='lat' dir='ltr'>Stich.</span> <span class='ocrx_word' id='word_1_301' title='bbox 462 3919 524 3984; x_wconf 83' lang='lat'>451</span> 
     </span>
    </p>
   </div>
   <div class='ocr_carea' id='block_1_6' title="bbox 387 4037 1384 4225">
    <p class='ocr_par' dir='ltr' id='par_1_6' title="bbox 387 4037 1384 4225">
     <span class='ocr_line' id='line_1_36' title="bbox 387 4037 1306 4117; baseline 0.002 -13"><span class='ocrx_word' id='word_1_302' title='bbox 387 4039 431 4104; x_wconf 86' lang='lat' dir='ltr'>P:</span> <span class='ocrx_word' id='word_1_303' title='bbox 454 4038 512 4103; x_wconf 79' lang='lat' dir='ltr'>Ea</span> <span class='ocrx_word' id='word_1_304' title='bbox 532 4038 597 4105; x_wconf 94' lang='lat' dir='ltr'>ibo</span> <span class='ocrx_word' id='word_1_305' title='bbox 620 4037 820 4117; x_wconf 88' lang='lat' dir='ltr'>dbsonatum,</span> <span class='ocrx_word' id='word_1_306' title='bbox 845 4037 956 4103; x_wconf 89' lang='lat' dir='ltr'>eadem</span> <span class='ocrx_word' id='word_1_307' title='bbox 978 4040 1116 4105; x_wconf 85' lang='lat' dir='ltr'>referam</span> <span class='ocrx_word' id='word_1_308' title='bbox 1138 4039 1306 4107; x_wconf 89' lang='lat' dir='ltr'>obsonium</span> 
     </span>
     <span class='ocr_line' id='line_1_37' title="bbox 387 4140 1384 4225; baseline 0.007 -19"><span class='ocrx_word' id='word_1_309' title='bbox 387 4143 432 4206; x_wconf 77' lang='lat' dir='ltr'>Ar</span> <span class='ocrx_word' id='word_1_310' title='bbox 455 4140 526 4206; x_wconf 94' lang='lat' dir='ltr'>Ibo</span> <span class='ocrx_word' id='word_1_311' title='bbox 548 4141 738 4207; x_wconf 91' lang='lat' dir='ltr'>obsonatum</span> <span class='ocrx_word' id='word_1_312' title='bbox 762 4151 879 4225; x_wconf 90' lang='lat' dir='ltr'>atque</span> <span class='ocrx_word' id='word_1_313' title='bbox 903 4140 1015 4207; x_wconf 92' lang='lat' dir='ltr'>eadem</span> <span class='ocrx_word' id='word_1_314' title='bbox 1037 4145 1174 4209; x_wconf 81' lang='lat' dir='ltr'>referam</span> <span class='ocrx_word' id='word_1_315' title='bbox 1197 4144 1384 4213; x_wconf 88' lang='lat' dir='ltr'>obsonium.</span> 
     </span>
    </p>
   </div>
   <div class='ocr_carea' id='block_1_7' title="bbox 299 4415 1519 4571">
    <p class='ocr_par' dir='ltr' id='par_1_7' title="bbox 299 4415 1519 4571">
     <span class='ocr_line' id='line_1_38' title="bbox 388 4415 1519 4500; baseline 0.004 -29"><span class='ocrx_word' id='word_1_316' title='bbox 388 4418 408 4485; x_wconf 90' lang='lat'>¹)</span> <span class='ocrx_word' id='word_1_317' title='bbox 424 4418 467 4471; x_wconf 79' lang='lat' dir='ltr'>En</span> <span class='ocrx_word' id='word_1_318' title='bbox 490 4417 519 4470; x_wconf 89' lang='lat' dir='ltr'>in</span> <span class='ocrx_word' id='word_1_319' title='bbox 537 4416 565 4471; x_wconf 89' lang='lat' dir='ltr'>A</span> <span class='ocrx_word' id='word_1_320' title='bbox 583 4416 741 4500; x_wconf 76' lang='lat' dir='ltr'>Geppertns</span> <span class='ocrx_word' id='word_1_321' title='bbox 764 4428 820 4471; x_wconf 87' lang='lat' dir='ltr'>non</span> <span class='ocrx_word' id='word_1_322' title='bbox 842 4415 926 4486; x_wconf 86' lang='lat' dir='ltr'>legit,</span> <span class='ocrx_word' id='word_1_323' title='bbox 950 4417 998 4470; x_wconf 86' lang='lat' dir='ltr'>ssd</span> <span class='ocrx_word' id='word_1_324' title='bbox 1020 4416 1141 4486; x_wconf 81' lang='lat' dir='ltr'>spatium</span> <span class='ocrx_word' id='word_1_325' title='bbox 1164 4419 1282 4474; x_wconf 76' lang='lat' dir='ltr'>dumam</span> <span class='ocrx_word' id='word_1_326' title='bbox 1306 4417 1489 4485; x_wconf 76' lang='lat' dir='ltr'>litterarum</span> <span class='ocrx_word' id='word_1_327' title='bbox 1513 4456 1519 4478; x_wconf 60' lang='lat'>2</span> 
     </span>
     <span class='ocr_line' id='line_1_39' title="bbox 299 4500 666 4571; baseline -0.008 -13"><span class='ocrx_word' id='word_1_328' title='bbox 299 4504 459 4559; x_wconf 86' lang='lat' dir='ltr'>coniectura</span> <span class='ocrx_word' id='word_1_329' title='bbox 477 4503 517 4556; x_wconf 86' lang='lat' dir='ltr'>ita</span> <span class='ocrx_word' id='word_1_330' title='bbox 535 4500 666 4571; x_wconf 88' lang='lat' dir='ltr'>explevit.</span> 
     </span>
    </p>
   </div>
   <div class='ocr_carea' id='block_1_8' title="bbox 9 4720 341 4896">
    <p class='ocr_par' dir='ltr' id='par_1_8' title="bbox 9 4720 341 4896">
     <span class='ocr_line' id='line_1_40' title="bbox 9 4720 341 4896; baseline -0.003 -57"><span class='ocrx_word' id='word_1_331' title='bbox 9 4720 230 4896; x_wconf 68' lang='grc' dir='ltr'><em>Λ</em></span> <span class='ocrx_word' id='word_1_332' title='bbox 339 4833 341 4838; x_wconf 79' lang='grc'>,</span> 
     </span>
    </p>
   </div>
   <div class='ocr_carea' id='block_1_9' title="bbox 0 0 1524 5220">
    <p class='ocr_par' dir='ltr' id='par_1_9' title="bbox 0 0 1524 5220">
     <span class='ocr_line' id='line_1_41' title="bbox 0 0 1524 5220; baseline 0 0"><span class='ocrx_word' id='word_1_333' title='bbox 0 0 1524 5220; x_wconf 95' lang='lat' dir='ltr'> </span> 
     </span>
    </p>
   </div>
  </div>
 </body>
</html>
