3038 5220
654 268 856 368 „ja-4

145 473 251 539 labem
275 473 424 550 traxisse,
447 473 539 538 cuius
561 472 681 537 indicio
704 495 765 558 ego
787 473 892 538 habeo
915 471 1039 535 hiatum
1061 472 1166 541 adult
1189 472 1245 547 ita,
1267 490 1364 557 quem

146 598 223 640 sane
246 576 460 660 Niemeyerus
483 597 512 660 p.
535 577 554 641 8
578 597 597 638 a
620 585 799 639 correctore
822 572 1064 660 comprobatum
1087 594 1157 637 esse
1180 573 1271 637 dicit.

230 679 409 763 Aptissima
432 677 633 749 subnectitur
656 700 685 741 v.
709 679 821 741 Pseud.
847 675 930 742 1142

187 777 284 866 Aul)
308 781 396 862 Quid
419 782 494 846 ia..
530 779 562 860 Q
574 827 813 847 ............
843 801 908 843 sus
935 778 1066 861 ipsum
1096 799 1249 864 praesens
1275 800 1366 864 prae-

757 872 882 948 sentem
902 879 995 945 vides

241 986 281 1048 P:
307 983 394 1065 Quid
415 984 502 1048 iam?
516 985 530 1071 ΙΙ
546 982 631 1064 Quia
653 997 692 1048 te
715 985 828 1070 ipsus
843 1005 978 1048 coram
994 1004 1147 1068 praesens
1165 992 1366 1066 praesentem

756 1084 858 1151 vides.

146 1200 174 1252 te
202 1210 332 1275 prorsus
360 1187 488 1271 vulgari
504 1186 622 1253 calami
642 1187 736 1274 lapsu
763 1211 806 1253 ex
831 1199 892 1251 tute
910 1197 1096 1273 corruptum
1113 1206 1194 1265 esse,
1214 1184 1367 1271 Umpfen·

147 1289 282 1355 bachius
311 1288 407 1371 vidit,
443 1289 484 1352 cf.
513 1312 541 1354 e.
569 1310 600 1374 g.
629 1290 721 1353 Poea.
746 1313 838 1378 supp.
863 1291 903 1354 10
936 1300 997 1352 tute
1018 1291 1081 1373 ipse
1102 1287 1154 1368 A,
1189 1298 1222 1349 tu
1248 1289 1311 1372 ipso
1338 1287 1367 1350 P

147 1395 217 1458 sine
245 1403 355 1456 metro.
401 1414 442 1455 ex
473 1391 683 1457 Ambrosiani
710 1392 854 1479 reliquiis
883 1391 990 1478 prodit
1024 1393 1106 1475 ipsas
1132 1392 1246 1474 apsaro,
1281 1388 1367 1455 unde

148 1494 367 1580 colligendum
392 1505 455 1576 est,
493 1504 549 1558 aut
576 1497 676 1580 ipsum
697 1495 731 1558 in
760 1495 785 1558 P
815 1505 889 1582 post
915 1495 997 1579 ipsus
1024 1491 1225 1557 intercidisse
1247 1504 1279 1555 et
1302 1514 1368 1557 cor-

147 1607 306 1662 rectorem
340 1597 435 1660 metri
457 1598 563 1681 gratia
592 1597 741 1662 voculam
769 1620 870 1660 coram
899 1597 1086 1677 inseruisse,
1120 1603 1176 1659 aut
1203 1616 1304 1658 coram
1326 1593 1368 1661 ad

144 1720 286 1785 praesens
319 1697 394 1763 olirn
427 1698 626 1785 adscriptum
656 1701 689 1763 in
716 1722 845 1765 versum
874 1698 1057 1784 irrepsisse,
1092 1697 1183 1759 ouius
1211 1707 1312 1761 metro
1336 1705 1369 1761 ut

149 1812 348 1866 succurreret
364 1810 535 1883 corrector,
551 1803 651 1886 speum
673 1802 813 1866 eiecerit.
857 1800 1017 1888 quomodo
1033 1799 1242 1864 Ambrosiani
1256 1823 1369 1865 versus

151 1902 391 1966 constituendus
420 1905 473 1984 sit,
503 1905 660 1968 incertum
693 1912 749 1969 est.
794 1926 870 1967 nam
901 1901 987 1989 quod
1013 1901 1170 1965 Luchsius
1193 1902 1368 1966 secundum

152 2005 245 2070 Sura
269 2006 332 2072 373
355 2011 506 2093 proponit
534 2005 632 2087 ,Quia
654 2018 689 2071 tu
712 2029 785 2070 eum
813 2007 902 2091 ipsus
926 2008 1043 2089 ipsum‘
1074 2027 1101 2067 e.
1125 2025 1156 2089 q.
1180 2027 1214 2086 s.,
1239 2005 1370 2088 probari

150 2109 275 2195 nequit,
315 2120 485 2195 postquam
511 2107 766 2173 Ambrosianum
800 2107 855 2172 illo
891 2129 988 2172 versu
1025 2109 1102 2168 tutia
1136 2105 1289 2172 exhibere
1317 2132 1370 2175 ex·

149 2211 310 2298 ploratum
345 2221 404 2274 est.
459 2211 601 2296 exempli
634 2211 742 2297 gratia
775 2209 1012 2297 proposuerim:
1048 2207 1155 2289 ‚Quia
1180 2219 1246 2276 tute
1265 2214 1370 2297 ⁴ipsus

149 2316 276 2400 ipsum‘,
311 2313 374 2395 vel,
409 2314 587 2398 spatiorum
619 2314 744 2377 ratione
777 2334 874 2398 quam
906 2312 1153 2398 diligentissime
1187 2314 1370 2382 observata:

149 2416 248 2499 ,Quia
271 2417 356 2480 enim
379 2425 414 2479 tu
435 2418 525 2502 ipsus
548 2417 653 2503 ipsum
675 2437 828 2502 praesens
844 2424 1049 2499 praesentem
1071 2416 1203 2480 videet,
1230 2420 1287 2482 sed
1311 2419 1371 2485 hoc

149 2519 283 2585 videant
305 2514 540 2605 εὖστοχώτεροι.

234 2624 328 2687 Mero.
351 2621 424 2688 300.
447 2623 509 2686 301

192 2727 238 2790 A:
261 2724 404 2814 Ben[est.
420 2723 433 2813 ΙΙ
450 2725 568 2792 malam
590 2724 669 2814 rem]
693 2725 795 2789 deice.
811 2724 825 2812 ΙΙ
840 2724 905 2787 iam
928 2723 1013 2791 istuc
1035 2746 1102 2790 non
1124 2723 1278 2792 benest.

260 2830 272 2913 ΙΙ
294 2828 360 2894 Sed
383 2830 528 2894 ausimne
551 2850 612 2913 ego
635 2828 693 2892 tibi
716 2827 823 2913 eloqui
845 2825 1053 2890 fideliter?

193 2931 232 2995 P:
256 2931 344 2996 Bene
367 2942 424 2996 est.
440 2931 449 3016 l
465 2931 582 2996 malam
604 2954 671 2995 rem
696 2929 778 2996 dieo.
793 2930 801 3016 ll
818 2931 882 2994 iarn
905 2931 987 2993 istuc
1011 2950 1074 2993 non
1096 2928 1239 2995 bonum
1262 2943 1334 3001 esit.

261 3033 274 3121 ΙΙ
294 3034 361 3100 Sed
385 3035 530 3099 ausimne
553 3055 613 3118 ego
636 3032 695 3099 tibi
718 3032 833 3118 eloqui,
858 3033 890 3096 si
914 3030 1010 3118 quid
1032 3030 1176 3096 velim?
1198 3084 1201 3089 ,
1300 3056 1319 3073 r·

151 3137 208 3202 vix
245 3136 429 3223 exemplum
466 3136 645 3212 inveneris,
684 3157 747 3221 quo
787 3132 960 3199 dilucidius
998 3145 1178 3220 appareat,¹
1212 3135 1372 3221 quomodo

150 3262 263 3305 versus
299 3239 427 3304 mutilos
460 3239 665 3325 grammatici
703 3235 855 3324 supplere
894 3237 1084 3300 studuerint.
1143 3258 1219 3301 nam
1255 3239 1372 3324 prioris

151 3365 263 3408 versus
289 3341 386 3406 finem
415 3363 566 3407 mancum
593 3351 753 3405 corrector
782 3362 824 3403 ex
852 3338 1116 3413 antecedentibus
1138 3340 1247 3405 verbis
1277 3341 1372 3407 facile

152 3444 327 3531 supplevit,
363 3455 486 3531 mutata
513 3454 621 3509 tamen
655 3445 689 3507 in
713 3441 881 3527 vulgarem
915 3440 1046 3507 modum
1074 3441 1253 3507 elocutione
1275 3444 1372 3508 inusi-

153 3549 266 3611 tatiore
290 3549 400 3629 bariesu
426 3550 459 3611 in
482 3547 583 3612 altero
605 3569 683 3612 vero
706 3545 764 3610 tali
786 3544 971 3609 adiumento
994 3544 1166 3609 destitutus
1187 3566 1245 3615 suo
1268 3545 1372 3611 Marte

152 3649 193 3711 ad
221 3651 452 3715 restituendum
481 3673 611 3716 versum
634 3650 771 3714 accessit
798 3649 877 3712 scite
907 3647 1051 3731 profecto
1086 3646 1256 3713 observato
1284 3670 1372 3715 more

152 3752 310 3817 Plautino.
1035 3814 1038 3821 .
1285 3817 1287 3821 Α
1352 3812 1355 3817 ,

238 3855 357 3920 Versus
382 3857 446 3923 300
473 3856 611 3920 aliorum
639 3852 841 3941 quorundam
868 3875 919 3917 me
941 3862 1062 3934 monet,
1092 3854 1148 3937 qui
1176 3852 1372 3923 simillimam

153 3959 297 4042 perpessi
320 3967 394 4021 sunt
417 3960 658 4023 correctionem.
691 3980 765 4022 nam
790 3980 863 4022 cum
886 3958 1000 4022 Bacch.
1024 3957 1086 4021 502
1109 3953 1303 4025 Ritsohelius

334 4058 429 4124 lllum
452 4061 620 4147 exoptavit
641 4060 772 4146 potius?
796 4058 926 4124 habeat:
950 4068 1254 4144 optumumst...-

153 4183 225 4225 cum
261 4163 292 4226 A
328 4164 508 4249 scripserit,
552 4163 577 4226 P
611 4185 688 4228 vero
708 4233 709 4236 Ἴ
727 4174 872 4248 optumest
903 4160 1091 4242 exhibeant,
1129 4182 1215 4226 nunc
1256 4159 1372 4230 collato

153 4265 246 4327 Marc.
265 4263 329 4330 300
350 4267 573 4350 cognoscimus
596 4265 685 4330 illam
707 4266 815 4352 potius
837 4265 1031 4351 scripturam
1051 4263 1227 4344 „correctori
1247 4261 1369 4346 deberi,

153 4407 354 4416 ———

242 4489 259 4554 ι)
277 4486 311 4539 er.
330 4487 423 4541 nuens
444 4487 530 4540 sam.
554 4485 594 4540 vr
611 4487 724 4555 aare»
