3038 5220
822 236 1022 337 *a*

356 427 444 493 Most.
467 424 531 490 793

420 528 468 594 P:
490 526 577 613 Quid
601 527 712 592 nunc?
734 528 743 613 ll
766 528 865 604 vise,
888 537 1008 612 specta,
1031 538 1085 591 tuo
1107 525 1240 613 [usque]
1262 525 1438 591 arbitratu

398 630 465 695 Ar:
488 627 575 713 Quid
597 650 684 695 nunc
706 629 790 693 vis?
813 630 821 715 Η
844 630 954 694 visas
978 675 1087 693 .....
1111 639 1166 692 tuo
1188 650 1258 713 usq.
1280 627 1471 695 arbitratu.

312 733 406 798 vides
424 733 456 796 in
472 733 502 796 A
519 731 761 820 interrogationi
784 734 860 818 quid
880 730 978 796 nunc?
1001 730 1113 795 eodem
1136 729 1241 807 modo,
1264 752 1333 819 quo
1352 730 1464 797 Stich.
1480 729 1519 795 61

316 833 451 899 verbum
473 832 618 899 additum
642 855 722 897 esse.
767 856 841 897 narn
867 857 904 899 ne
927 857 1048 899 meram
1071 832 1326 919 dittograpbiam
1350 832 1474 921 potius
1498 834 1512 919 (

317 937 408 1023 nisos)
436 946 629 1013 statuamus,
661 935 857 1020 impedimur
884 937 988 1021 spatio
1015 937 1048 1001 in
1078 937 1110 999 A
1138 948 1211 1021 post
1238 938 1282 999 nis
1310 936 1458 1015 relicto,
1491 958 1512 1022 q

310 1038 392 1104 illud
424 1042 467 1102 aas
495 1060 514 1102 a
541 1040 618 1103 naas
652 1039 885 1103 secernendum
921 1049 952 1104 et
985 1037 1184 1124 Theuropidi
1221 1037 1448 1105 tribuendum
1492 1068 1514 1095 ἰ

313 1140 500 1206 ostenditur.
546 1163 587 1206 ne
610 1163 686 1206 vero
710 1152 839 1226 praeter
854 1141 1054 1228 Geppertnm
1079 1141 1151 1225 quis
1175 1142 1326 1206 defensor
1348 1141 1517 1207 elocutio

311 1246 387 1330 quid
404 1267 482 1307 nunc
495 1242 560 1308 vis?
581 1243 708 1324 existat,
735 1244 790 1308 vix
806 1244 983 1310 verendum
1006 1256 1064 1310 est.
1097 1267 1173 1308 nam
1188 1242 1425 1331 Tbeuropides
1442 1268 1476 1313 v.
1498 1255 1519 1301 a?

310 1348 380 1432 ipse
403 1346 598 1412 Tranionem
622 1346 664 1409 ad
686 1345 849 1411 Simonem
879 1346 1085 1431 ablegaverat
1107 1358 1271 1430 rogatum,
1301 1369 1386 1411 num
1413 1347 1511 1415 dom

311 1449 449 1515 invisere
472 1449 532 1513 sibi
556 1448 676 1513 liceret.
722 1450 872 1535 quicum
895 1472 1044 1515 reversus
1067 1472 1097 1512 v.
1121 1449 1183 1514 786
1205 1449 1286 1513 haec
1309 1448 1461 1516 dixerit:

355 1551 450 1637 Quod
472 1574 523 1617 me
545 1552 705 1628 missores,
728 1551 838 1616 adfero
861 1574 955 1616 omne
977 1553 1183 1636 impetratum

312 1656 399 1720 nullo
432 1665 526 1740 pacto
555 1654 779 1740 Theuropides
806 1655 1004 1740 interrogare
1032 1664 1138 1739 potest
1165 1654 1240 1738 quid
1265 1674 1346 1716 nunc
1375 1652 1463 1732 aial,
1494 1676 1510 1718 s

311 1759 406 1824 unice
435 1769 546 1842 aptum
569 1770 618 1822 est
640 1759 715 1844 quid
738 1756 837 1821 nurse?
877 1757 983 1839 (Nais,
1005 1759 1059 1820 wis
1079 1754 1226 1840 stebt’sl).
1270 1755 1429 1821 conferas
1453 1779 1491 1820 v·
1518 1795 1519 1799 =

357 1860 442 1926 Cure.
461 1860 541 1926 549:
575 1859 663 1942 Quid
685 1862 793 1927 nunc?
816 1862 825 1945 ll
847 1859 934 1946 quod
956 1859 1126 1937 mandasti,
1148 1858 1220 1923 ieci.

354 1964 465 2027 Pseud.
488 1962 566 2027 321:
602 1963 690 2047 Quid
713 1986 798 2027 nunc
821 1964 911 2030 vis?
933 1964 941 2047 l
964 1976 999 2027 ut
1021 1961 1191 2049 opperiare
1213 1961 1273 2025 hos
1295 1981 1354 2025 sex
1382 1960 1474 2027 dies.

311 2067 379 2143 sed,
408 2077 442 2130 ut
462 2066 501 2130 de
525 2079 703 2132 correctore
731 2065 897 2150 disputare
926 2087 1117 2151 pergamus,
1144 2088 1207 2130 non
1237 2064 1315 2128 satis
1344 2063 1508 2132 habuit‘

312 2170 502 2233 sententiam
526 2169 588 2234 hoc
611 2169 706 2233 modo
729 2180 870 2245 mutare,
898 2168 955 2233 sed
976 2182 1078 2234 metro
1107 2189 1234 2254 quoque
1258 2187 1338 2231 voce
1359 2169 1412 2231 uss
1434 2167 1518 2233 ad·‘

314 2282 465 2359 corrupto
487 2272 654 2337 consulere
678 2294 741 2336 non
764 2271 880 2336 omisit.
914 2293 955 2334 ex
977 2274 1036 2335 oisc
1051 2283 1151 2358 specto
1166 2271 1251 2335 enim
1268 2269 1454 2335 bacchium
1495 2301 1519 2328 ι(

311 2377 387 2438 ossas
411 2375 562 2463 specto¹);
597 2376 636 2439 cf.
665 2376 776 2440 Pseud.
802 2374 863 2438 153
896 2377 963 2437 vide
990 2372 1028 2449 P,
1057 2377 1158 2438 uideas
1185 2374 1229 2440 A.
1274 2372 1408 2439 duobus
1445 2375 1513 2463 igit

311 2477 389 2543 locis
412 2478 496 2542 hunc
520 2500 647 2542 versum
671 2490 831 2541 corrector
846 2477 990 2557 mutavit,
1016 2478 1042 2541 si
1068 2477 1217 2542 videlicet
1237 2475 1447 2542 Ritschelius
1474 2500 1513 2545 sc

232 2598 246 2619 ·
312 2589 440 2666 pturam
462 2578 670 2644 Ambrosiani
693 2590 779 2644 recte
803 2579 977 2666 indagavit.
1022 2602 1128 2664 aquo
1152 2601 1212 2644 nou
1237 2578 1455 2647 mediocriter
1486 2582 1509 2647 d

13 4702 265 4918 Λ

313 2683 398 2748 cedit
413 2684 608 2770 Geppertus,
632 2683 687 2769 qui
710 2683 790 2747 haec
813 2683 847 2744 in
868 2682 902 2747 A
926 2703 994 2747 esse
1017 2682 1096 2746 dicit
1119 2683 1210 2767 (stud.
1229 2680 1267 2746 II
1284 2704 1316 2766 p.
1333 2680 1413 2769 72):
1457 2707 1518 2772 ,qu

311 2810 396 2852 nunc
423 2787 473 2850 vis
500 2808 562 2871 age
589 2795 728 2870 aspecta‘
756 2785 876 2870 (spatio
905 2799 976 2870 post
1000 2809 1055 2871 ops
1082 2784 1224 2871 relicto),
1255 2795 1291 2849 ut
1318 2784 1406 2850 baec
1435 2788 1510 2872 poti

314 2888 507 2953 recensionis
524 2888 627 2951 forma
642 2886 748 2951 verbis
765 2888 848 2951 inter
866 2887 1082 2972 colloquentes
1098 2898 1184 2952 recte
1202 2885 1386 2953 distributis
1403 2890 1509 2956 evad

420 2991 507 3075 Quid
531 2992 617 3056 minc
640 2992 712 3055 vis?
798 2990 872 3076 Age
894 2991 1025 3076 depecta
1047 3005 1102 3055 tuo
1122 2991 1226 3074 dsque
1249 2989 1425 3069 arbitratu,

310 3116 369 3182 pro
396 3116 459 3180 quo
482 3093 668 3181 Geppertus
691 3093 814 3157 mavult
836 3115 891 3178 ope
917 3106 1026 3180 specto.
1073 3093 1113 3157 de
1143 3093 1369 3180 Geppertiana
1404 3096 1511 3164 lectio

310 3196 419 3261 licebit
447 3195 608 3270 dubitare,
642 3218 707 3260 non
735 3218 799 3281 quo
829 3217 931 3259 meam
958 3197 1268 3281 argumentationem
1300 3208 1450 3282 evertat,
1499 3231 1519 3259 :2

311 3298 387 3382 quia
402 3299 557 3384 Gepperti
582 3298 732 3363 lectiones
748 3296 984 3364 Ambrosianae
1008 3321 1070 3362 non
1095 3300 1229 3362 eandem
1246 3312 1341 3382 atque
1359 3299 1511 3369 Ritsche

312 3400 525 3465 Studemundi
547 3398 670 3464 Loewii
700 3400 923 3465 auctoritatem
951 3412 982 3464 et
1010 3401 1106 3464 fidem
1134 3399 1264 3467 habent.
1309 3400 1368 3465 sed
1394 3403 1440 3468 sit
1465 3406 1502 3471 h:

312 3513 401 3567 recta
424 3524 611 3589 summaque
634 3503 697 3566 fide
715 3503 824 3587 digna,
848 3503 925 3586 quid
941 3503 1151 3567 iudicandum
1168 3502 1254 3570 erit?
1295 3506 1373 3589 quid
1397 3530 1486 3573 nanc
1515 3547 1519 3566 Α

312 3627 331 3668 a
354 3605 519 3691 Gepperto
541 3605 609 3669 sine
631 3606 698 3670 ulla
720 3605 921 3670 dubitatione
942 3618 1108 3690 receptum
1134 3628 1206 3670 cum
1230 3628 1271 3670 ex
1294 3616 1409 3673 nostra
1436 3611 1516 3699 disp

311 3709 430 3773 tatione
453 3707 640 3791 neutiquam
669 3711 789 3772 servari
820 3731 923 3796 neque
951 3721 1059 3772 tamen
1089 3731 1196 3774 errore
1219 3719 1330 3773 natum
1354 3731 1433 3777 esse
1459 3737 1509 3780 c¹

311 3811 426 3896 possit,
456 3831 496 3874 ne
526 3811 573 3876 sic
600 3810 731 3894 quidem
762 3810 933 3877 correctori
957 3834 1020 3876 non
1042 3811 1248 3878 tribuendum
1271 3822 1335 3889 est,
1371 3837 1435 3900 ape
1460 3840 1504 3884 ve

310 3913 373 3976 nisi
394 3912 428 3975 in
452 3912 608 3999 Gepperti
631 3914 738 3977 animo
761 3913 865 3999 potius
889 3936 985 3999 quam
1010 3915 1043 3977 in
1065 3915 1099 3978 A
1122 3925 1226 3991 extat,
1256 3936 1298 3978 ex
1327 3935 1432 3983 versu
1465 3919 1513 3985 in

311 4016 423 4100 quenti
445 4016 650 4102 desumptum
673 4026 731 4082 est.
775 4015 870 4101 longe
899 4027 1007 4081 autem
1031 4017 1082 4082 vel
1111 4018 1185 4082 huic
1208 4017 1465 4101 Geppertianas
1487 4024 1519 4089 l,

398 4292 419 4357 ¹)
438 4289 508 4346 Cum
524 4288 697 4344 Ritschelius
715 4290 786 4342 uisos
804 4327 912 4342 .....
930 4306 965 4343 ex
977 4289 1004 4341 A
1016 4293 1124 4355 enatet,
1149 4290 1296 4359 uisospecto
1314 4288 1439 4349 videtur
1462 4315 1492 4352 St

311 4377 371 4427 tum
388 4373 488 4442 fuisse;
506 4373 541 4428 cf.
560 4373 696 4443 Gepperti
714 4373 907 4428 testimonium
925 4391 975 4444 oye
987 4383 1102 4442 aspecto.
1131 4374 1230 4443 spatiis
1243 4378 1420 4443 computabis
1436 4398 1474 4438 oe
1498 4407 1514 4431 s.

314 4463 365 4527 est,
382 4471 470 4534 specta
490 4476 547 4515 non
564 4460 594 4514 in
611 4468 710 4532 spectes
729 4461 914 4515 correctorem
932 4458 1092 4515 mutavisse.
