3082 5228
861 282 901 344 02

778 371 980 382 *-

271 484 311 546 cf.
335 483 397 547 282
425 483 506 560 ,Iam
529 484 628 569 igitur
655 486 762 551 arndta
794 485 821 549 ei
853 486 975 551 fuerit
1005 487 1108 551 omnis
1137 487 1338 552 consultatio‘
1370 487 1495 553 Linde·

272 607 425 662 mannus:
448 590 504 649 erit
525 586 563 650 P.

360 689 444 751 Pera.
467 689 530 754 313
552 691 600 754 A:
635 690 730 767 ,Nam
754 689 808 754 ubi
840 692 896 774 qui
929 692 1014 754 mala
1048 691 1184 777 tangit
1216 714 1329 769 manu,
1363 691 1492 757 dolores

273 792 468 857 cooriuntur‘
475 816 484 868 3
507 795 603 877 recipit
624 792 663 856 P.

272 897 330 964 Sat
352 921 450 984 saepe
472 899 737 984 imperativorum
760 898 883 962 formae
906 898 1058 961 confusae
1079 905 1163 965 sunt.

355 1003 452 1088 Epic.
475 1001 534 1068 601
559 1002 607 1066 A:
631 1002 726 1078 ,intro
749 998 818 1063 abi:
841 998 924 1063 habe
946 999 1090 1062 animum
1112 997 1259 1074 bonum‘:
1282 998 1387 1062 habeto
1409 998 1448 1066 P.

271 1111 383 1166 contra
411 1104 491 1166 Tria.
517 1103 579 1170 266
601 1104 648 1168 A:
673 1112 755 1183 ‚tuas
778 1124 828 1165 res
852 1100 910 1164 tibi
934 1099 1076 1183 habeto‘:
1100 1102 1176 1165 habe
1196 1100 1236 1178 P,
1260 1098 1324 1178 ubi,
1347 1122 1423 1165 curn
1448 1101 1485 1166 de

270 1214 373 1270 metro
394 1207 536 1270 nondum
559 1208 637 1270 satis
661 1213 799 1282 constet,
831 1203 1009 1268 diiudicare
1033 1225 1096 1267 non
1121 1204 1236 1268 ausim.

355 1309 435 1372 Men.
458 1309 521 1373 690
543 1309 618 1373 habe
640 1308 668 1372 P
687 1331 760 1373 cum
782 1307 882 1383 hiatu,
906 1308 1012 1370 habeto
1034 1305 1243 1373 Ritechelius.

359 1410 451 1474 Stich.
475 1410 537 1476 256
559 1410 608 1474 A:
631 1409 728 1497 Nega
750 1432 820 1476 esse
844 1412 929 1496 quod
953 1409 1026 1473 dem

559 1511 602 1576 P:
626 1511 756 1599 Negato
779 1534 849 1577 esse
872 1512 956 1596 quod
981 1514 1065 1576 dem.

271 1634 312 1676 ne
334 1612 387 1676 hio
421 1613 551 1700 quidem
592 1616 747 1680 iudicium
780 1638 911 1701 prorsus
953 1625 1079 1678 constat
1114 1612 1155 1677 ob
1188 1611 1344 1676 incertam
1378 1632 1489 1677 versus

272 1716 516 1783 restitutionem.
546 1718 650 1782 simile
674 1727 729 1800 est,
755 1718 843 1802 quod
865 1719 976 1782 Pseud.
989 1716 1051 1782 301
1074 1713 1273 1780 Ritschelius
1297 1735 1370 1778 oum
1392 1713 1493 1780 Festo

271 1840 302 1903 p.
324 1817 387 1883 391
409 1820 550 1905 scripsit:

355 1920 463 1987 Emito
486 1921 538 1987 die
561 1945 658 1987 caeca
680 1923 787 1987 hercle
811 1923 943 1999 olivum,
967 1922 1000 1985 id
1023 1920 1154 1986 vendito
1177 1919 1305 1984 oculata
1327 1918 1390 1998 die,

272 2044 333 2086 eme
355 2022 399 2108 (A
415 2025 445 2110 ?)
466 2022 503 2090 Ρ.

356 2125 467 2189 Pseud.
490 2125 553 2191 886
578 2137 697 2210 prototo
717 2125 766 2208 A:
798 2124 937 2210 puatoP
963 2127 1032 2190 sine
1060 2138 1170 2190 metro.
1200 2125 1241 2204 cf,
1270 2124 1381 2192 Pseud.
1407 2123 1492 2189 1073

274 2226 379 2312 ,Roga
412 2227 544 2292 obsecro
578 2228 699 2293 hercle:
733 2230 836 2312 gestio
873 2229 1066 2315 promittere‘
1101 2228 1253 2305 Bothius,
1288 2242 1321 2292 ut
1349 2249 1379 2291 v.
1411 2227 1490 2306 1163

271 2341 376 2413 royano
398 2330 433 2393 P.
467 2331 558 2394 Pocn.
572 2330 634 2394 872
654 2330 775 2408 ‚Nolito
794 2329 907 2417 edepol
920 2330 1098 2395 devellisse‘
1115 2330 1158 2415 P:
1182 2331 1245 2394 noli
1255 2329 1289 2394 A
1300 2351 1375 2394 oum
1389 2329 1492 2395 hiatu.

360 2433 428 2496 Mil.
452 2435 527 2518 plor.
551 2433 592 2496 62
616 2431 712 2517 ,Quid
735 2434 768 2496 in
791 2432 1010 2518 Cappadocia,
1040 2432 1094 2497 ubi
1117 2443 1153 2497 tu
1176 2433 1369 2518 quingentos
1392 2432 1490 2499 simul

273 2534 318 2599 Ni
352 2535 447 2599 hebes
483 2535 654 2600 machaera
676 2536 768 2612 foret,
803 2559 867 2600 uno
900 2537 967 2601 ictu
1000 2536 1175 2601 occideras‘
1204 2538 1254 2613 A:
1287 2537 1429 2600 occidm'a
1451 2536 1490 2602 P.

272 2637 447 2723 Langenus
470 2639 567 2701 Bcitr.
590 2661 622 2722 p.
645 2639 704 2701 46:
729 2637 821 2714 ,Sehr
844 2638 1063 2703 bezeichnend
1084 2639 1125 2702 ist
1149 2638 1206 2703 der
1229 2637 1417 2702 Indikativ:
1446 2637 1492 2703 sie

274 2761 381 2802 waren
405 2739 503 2802 schon
526 2741 590 2803 fast
603 2740 758 2816 vorloren,
780 2740 881 2803 leider
897 2763 964 2803 war
980 2765 1041 2806 nur
1057 2741 1113 2804 das
1130 2741 1276 2808 Schwert
1292 2765 1333 2806 zu
1345 2743 1491 2828 stumpd.

357 2842 468 2904 Pseud.
485 2842 547 2908 276
564 2842 610 2918 ‚Si
626 2855 660 2906 tu
677 2853 846 2928 argentum
863 2844 1017 2921 attuleris
1033 2866 1104 2908 cum
1121 2844 1176 2908 illo
1195 2843 1364 2931 perdidero
1381 2843 1490 2909 fidem‘

272 2946 316 3022 A:
333 2948 524 3032 perdiderdm
545 2945 583 3024 P,
606 2946 691 3029 quod
715 2967 773 3030 pro
793 2946 958 3030 potentiali
982 2946 1205 3032 accipiendum
1223 2946 1359 3012 videtur.
1377 2945 1387 2965 ⁸

357 3049 441 3111 Pera
465 3048 506 3114 20
539 3048 630 3124 ,Mihi
664 3049 794 3132 quidem
828 3059 863 3111 tu
884 3049 949 3112 iam
984 3071 1054 3112 eras
1079 3059 1237 3130 mortuos,
1273 3047 1349 3131 quia
1372 3059 1403 3112 te
1426 3067 1504 3114 non¹

272 3149 456 3215 visitabam‘
479 3151 529 3233 A:
552 3149 582 3214 P
604 3150 709 3214 minus
732 3149 813 3214 bene
834 3153 958 3214 aaran.

360 3252 511 3338 Denique
533 3253 571 3328 P,
595 3253 681 3339 quod
701 3253 754 3317 hic
778 3275 939 3339 apponere
961 3253 1067 3334 liceat,
1091 3255 1211 3318 formas
1235 3251 1377 3316 novicios
1400 3275 1490 3338 prae·

274 3353 350 3418 beut
373 3356 463 3418 Poea.
487 3355 549 3419 432
581 3355 778 3432 ,abiturusne
802 3359 870 3423 es?‘
908 3355 973 3421 Cas.
998 3355 1099 3434 1114,
1116 3355 1158 3418 20
1187 3354 1394 3432 ,missurusne
1417 3355 1491 3420 es‘?‘

270 3457 326 3521 uhi
348 3459 381 3522 A
403 3456 564 3534 ,abiturun
588 3468 632 3522 es‘
660 3469 691 3522 et
713 3458 954 3545 ‚missurun[tu]
978 3468 1021 3523 es‘
1044 3460 1099 3545 (ex
1120 3457 1277 3545 chperti
1301 3457 1489 3545 collatione)

273 3559 414 3643 praebet.

356 3662 542 3748 Sequuntur
556 3664 618 3728 loci
636 3663 778 3748 quidam,
802 3662 919 3747 quibus
935 3667 1101 3750 utriusque
1120 3663 1315 3728 recensionis
1329 3664 1490 3751 scriptura

273 3766 496 3830 consuetudini
519 3766 646 3831 dicendi
667 3766 838 3830 Plautinae
860 3766 981 3852 puriter
1003 3765 1163 3832 convenit.

356 3868 466 3933 Pseud.
497 3867 580 3932 1184
614 3869 828 3954 ,chlamydem
860 3870 945 3933 hano
979 3890 1238 3933 commemora
1272 3868 1385 3950 quanti
1419 3889 1492 3933 con-

272 3969 410 4035 ductast‘
433 3971 478 4047 A:
502 3993 707 4035 commeruere:
727 3971 771 4049 P:
795 3974 835 4035 cf.
852 3995 883 4041 v.
900 3995 931 4058 g.
953 3972 1032 4038 1015
1055 3981 1235 4058 ,argentum
1258 3972 1325 4047 des,
1348 3969 1491 4037 abducas

273 4072 459 4141 mulierem‘.
1433 4091 1437 4099 '

358 4177 468 4239 Pseud
492 4175 553 4240 667
577 4175 664 4252 ,Scin
687 4176 765 4263 quid
787 4188 818 4239 te
841 4185 907 4241 oro‘
930 4176 980 4254 A:
1003 4198 1084 4239 crem
1100 4176 1146 4259 P:
1169 4176 1208 4240 cf.
1226 4175 1394 4240 Beckerus
1416 4178 1437 4246 1
1461 4198 1489 4241 o.

271 4298 303 4361 p.
326 4276 387 4342 277
412 4276 485 4345 adn.

360 4377 426 4443 Coa.
449 4378 501 4447 IV
522 4379 552 4456 4,
582 4379 619 4446 15
653 4378 767 4460 ,Malo,
801 4379 828 4443 si
857 4381 980 4465 sapies,
1015 4380 1161 4446 cavebis‘
1185 4381 1231 4458 A;
1266 4383 1348 4468 aapc‘c
1368 4379 1413 4464 P:
1448 4381 1489 4446 cf.

272 4480 384 4548 Bacch.
412 4481 491 4548 1002
515 4504 589 4559 ,ιιοιι
613 4481 715 4558 dabis,
738 4481 764 4544 si
788 4481 903 4567 sapies‘
925 4481 999 4561 BD,
1021 4487 1103 4570 :apic
1125 4483 1184 4562 0¹,
1206 4505 1291 4571 copes
1313 4481 1372 4550 0².
1397 4481 1490 4549 1026.
