3038 5220
740 279 780 345 77

144 484 344 572 interpolatis
368 482 528 550 videlicet.
574 492 611 545 ea
634 503 710 546 vero
733 482 794 545 nisi
817 502 951 545 eversu
974 481 1047 564 498,
1078 481 1205 568 dequo
1229 481 1363 568 agimus,

148 587 278 651 aliunde
301 585 470 650 arcessitos
492 607 556 648 non
580 606 647 648 esse
670 583 880 670 probabiliter
904 584 1036 671 colligas
1067 606 1107 649 ex
1129 584 1309 650 litterarum
1332 584 1365 648 in

145 691 178 754 A
211 689 449 776 deperditarum
485 687 608 773 spatiis,
642 687 675 749 in
697 709 779 774 quae
808 688 846 750 ab
876 709 924 751 ero
951 708 1015 750 meo
1037 687 1155 771 optime
1189 688 1365 774 quadrant3

147 814 283 879 quorum
317 791 387 855 loco
413 791 448 854 in
476 789 645 875 Plegitur
674 813 693 851 a
715 811 779 852 mco
801 790 933 853 dominc.
978 789 1080 853 altera
1103 788 1285 854 differentia
1307 801 1365 868 est,

147 894 233 980 quod
256 894 288 957 in
311 893 346 957 A
369 893 494 955 adlatae
515 892 599 967 milri,
623 891 655 955 in
678 892 707 955 P
728 893 839 956 adme
861 894 994 969 adlatae,
1017 912 1055 955 ao
1076 891 1213 956 diversis
1236 894 1365 977 quidem

146 1018 259 1062 versus
281 995 369 1072 locis,
394 994 520 1080 legitur.
554 992 610 1059 ubi
632 994 666 1057 in
687 993 716 1056 P
738 1002 899 1058 structura
921 993 1038 1058 Plauto
1067 994 1276 1060 usitatissima
1298 995 1365 1074 ,ad-

146 1099 231 1162 ferre
254 1097 436 1182 epistulam,
460 1096 608 1174 tabellas,
633 1098 703 1160 sim.
727 1095 774 1159 ad
797 1095 984 1180 aliqucm‘
1007 1096 1153 1162 restituta
1176 1107 1239 1175 est,
1268 1121 1365 1185 quam

147 1210 256 1264 tamen
272 1199 461 1263 correctoris
478 1199 680 1262 coniecturae
702 1197 812 1262 deberi
830 1198 983 1276 locorum,
1007 1222 1087 1286 quos
1109 1217 1203 1264 antea
1220 1203 1366 1279 tractavi,

150 1302 347 1386 comparatio
371 1301 506 1378 evincit;
530 1301 684 1364 rariorem
707 1310 900 1366 structuram
928 1301 1065 1378 ,adferre
1088 1301 1223 1368 tabellas
1248 1304 1363 1388 alicui‘,

147 1425 245 1486 quam
267 1402 300 1467 A
323 1402 468 1489 praebet,
490 1401 681 1467 confirmant
704 1425 729 1470 e.
753 1425 785 1488 g.
808 1403 891 1468 Pers.
914 1403 987 1481 461,
1010 1426 1105 1490 quem
1138 1428 1236 1491 supra
1258 1407 1366 1485 citavi,

149 1505 234 1570 Oura.
257 1505 329 1572 433.
362 1507 474 1572 Pseud.
497 1504 571 1572 373.
600 1507 713 1570 Bacch.
745 1506 816 1571 tet.
844 1516 1042 1592 quapropter
1075 1506 1286 1592 improbanda
1320 1519 1368 1574 est

146 1609 312 1695 Spengelii
329 1609 421 1687 rati0,
444 1608 499 1692 qui
517 1611 560 1672 cd
573 1631 621 1673 me
635 1609 670 1672 in
689 1607 940 1673 Ambrosianam
956 1609 1176 1674 recensionem
1193 1612 1366 1690 transtulit,

147 1712 398 1799 Reformoorscltl.
422 1733 453 1796 p.
476 1710 539 1776 246
561 1711 647 1775 huno
670 1732 799 1774 versum
823 1710 1034 1774 constituens:

231 1830 318 1896 Nam
334 1853 375 1894 ex
391 1831 504 1895 Persia
520 1842 595 1896 sunt
608 1831 709 1895 istaec
725 1829 852 1894 adlatae
873 1828 916 1893 ad
930 1853 982 1895 me
998 1830 1039 1895 eb
1055 1853 1109 1895 ero
1124 1831 1218 1897 meo?
1240 1833 1253 1922 ΙΙ
1269 1857 1367 1921 quan·

756 1933 820 1999 do?
835 1931 849 2020 ΙΙ
863 1932 930 1996 hali
952 1932 1073 1997 dudum

149 2056 345 2121 quamquam
368 2038 435 2099 sinc
458 2035 524 2100 ulla
546 2035 722 2100 mutatione
745 2034 840 2100 edere
861 2044 986 2122 poterat
1009 2034 1147 2113 ,adlatae
1169 2036 1213 2099 mi
1237 2036 1278 2100 ab
1301 2049 1368 2104 ero‘

148 2158 175 2204 e.
193 2159 224 2220 q.
246 2159 270 2205 s.
293 2138 379 2224 quod
408 2161 484 2203 vero
513 2139 626 2203 attinet
654 2138 696 2202 ad
725 2138 858 2202 alteram
885 2139 1115 2215 recensionem,
1145 2139 1237 2203 metri
1260 2143 1366 2226 gratia

147 2239 226 2304 ordo
249 2240 421 2307 verborum
444 2241 531 2306 haud
553 2241 755 2305 mediocriter
777 2241 963 2305 immutatus
987 2250 1050 2318 est,
1073 2240 1100 2303 si
1123 2241 1252 2327 quidem
1275 2243 1367 2308 Pala-

148 2342 287 2407 tinorum
310 2366 440 2408 versum
463 2346 510 2408 sic
531 2354 617 2408 recte
641 2343 790 2408 emendo:

233 2462 320 2527 Nam
344 2486 385 2527 ex
409 2462 522 2527 Persia
549 2463 592 2527 ad
615 2485 665 2527 me
689 2461 816 2527 adlatae
845 2472 918 2527 sunt
945 2462 1026 2526 istae
1049 2484 1069 2526 a
1096 2451 1172 2527 med
1199 2464 1338 2535 domino.
1359 2467 1368 2554 ll

760 2564 913 2652 quando?
928 2565 936 2651 l
952 2564 1018 2628 hair
1033 2564 1164 2632 dudum.

150 2682 256 2748 delevi
279 2683 378 2768 igitur
399 2684 498 2761 modo,
521 2683 608 2770 quod
630 2683 822 2770 Spengelius
845 2707 909 2750 non
940 2684 1141 2763 sollicitavit,
1171 2710 1367 2775 quamquam

150 2786 222 2870 ipsa
245 2784 445 2869 subsequens
467 2786 676 2873 interrogatio
693 2787 835 2873 quando?
858 2788 1089 2853 dilucidissime
1106 2789 1313 2871 demonstrat,
1334 2793 1369 2856 in

149 2886 354 2953 antecedenti
384 2890 548 2953 enuntiato
574 2888 622 2953 illi
644 2888 742 2954 verbo
773 2890 881 2959 locum
908 2890 1033 2954 nullum
1060 2913 1145 2969 esse3
1179 2893 1267 2976 quod
1293 2917 1369 2978 quo

151 2989 247 3054 modo
282 2991 315 3055 in
349 3012 476 3055 versum
511 2990 680 3069 invaserit,
713 2992 747 3055 in
781 2993 951 3080 propatulo
975 3005 1038 3078 est3
1072 2995 1134 3058 fuit
1167 2996 1252 3060 enim
1274 2996 1369 3062 inter-

149 3092 337 3178 pretationis
362 3113 461 3158 causa
494 3092 537 3157 ad
559 3095 620 3157 lacu
642 3095 759 3157 dadum
792 3095 1002 3182 adscriptum.
1046 3096 1098 3161 hio
1122 3119 1186 3161 non
1209 3099 1365 3180 omittam,

149 3217 250 3280 prope
282 3194 323 3259 ab
351 3196 412 3261 hoc
438 3197 524 3274 loco,
558 3219 654 3261 versu
689 3196 832 3263 eiusdem
859 3199 990 3263 fabulae
1016 3199 1095 3276 495,
1129 3200 1163 3263 in
1195 3201 1224 3264 P
1258 3214 1369 3268 extare

149 3301 353 3385 scripturam,
376 3322 459 3386 quae
482 3300 619 3366 fortasse
640 3300 818 3365 recensioni
841 3300 1011 3365 tribuenda
1034 3313 1096 3366 est:

192 3413 242 3483 A:
265 3417 355 3483 Bene
378 3419 472 3485 dictis
506 3421 569 3484 tuis
597 3420 677 3485 bene
708 3420 854 3508 [l]act[a]
883 3442 978 3486 aures
1007 3442 1096 3485 meae
1125 3422 1280 3487 auxilium
1304 3445 1368 3488 cx-

760 3533 927 3609 poscunt

194 3623 237 3688 B:
1105 3627 1283 3692 benedictis

256 3743 335 3808 Tuis
359 3743 438 3808 bene
461 3747 547 3809 facta
569 3767 662 3809 aures
685 3765 775 3808 meae
798 3744 955 3810 auxilinm
978 3746 1250 3830 expostulant.

151 3846 357 3930 anapaestico
385 3869 549 3923 mensura,
586 3870 667 3934 qnae
690 3848 765 3911 huic
792 3869 920 3932 quoque
949 3851 1056 3912 versui
1085 3849 1281 3914 vindicanda
1310 3860 1368 3927 est,

151 3971 225 4012 cum
247 3948 456 4012 Ambrosiani
490 3961 615 4015 tantum
643 3951 802 4034 scriptura
831 3949 997 4014 conciliari
1019 3960 1139 4035 potest3
1174 3964 1370 4038 quapropter

151 4050 391 4115 Studemundus
414 4054 452 4116 de
473 4064 551 4116 caat.
573 4054 677 4116 Placet.
701 4074 732 4137 p.
757 4051 777 4115 3
800 4051 857 4115 hos
881 4073 993 4115 versus
1015 4051 1192 4144 discripsit:

236 4172 300 4238 494
322 4171 417 4236 Unde
446 4173 481 4236 td
504 4173 686 4259 pergrande
714 4171 841 4237 luordm
868 4170 984 4235 facias:
1010 4173 1129 4237 faciam
1156 4173 1192 4237 tt
1220 4176 1283 4238 mei
1306 4196 1369 4238 me-

760 4274 900 4351 mineris,
923 4274 1000 4338 dum
1022 4275 1123 4339 vitam

235 4377 298 4440 495
322 4376 432 4446 Vives.
455 4378 463 4463 ll
485 4377 662 4442 benedictis
684 4378 746 4442 tuis
770 4376 940 4442 benefacta
961 4399 1055 4442 aures
1089 4400 1178 4443 meae
1208 4378 1366 4445 auxilium

762 4489 949 4564 exposcunt.
