<?xml version="1.0" encoding="UTF-8"?>
<!DOCTYPE html PUBLIC "-//W3C//DTD XHTML 1.0 Transitional//EN"
    "http://www.w3.org/TR/xhtml1/DTD/xhtml1-transitional.dtd">
<html xmlns="http://www.w3.org/1999/xhtml" xml:lang="en" lang="en">
 <head>
  <title>
</title>
<meta http-equiv="Content-Type" content="text/html;charset=utf-8" />
  <meta name='ocr-system' content='tesseract 3.04.00' />
  <meta name='ocr-capabilities' content='ocr_page ocr_carea ocr_par ocr_line ocrx_word'/>
</head>
<body>
  <div class='ocr_page' id='page_1' title='image "./deplautifabular01baiegoog_0092.png"; bbox 0 0 3038 5220; ppageno 0'>
   <div class='ocr_carea' id='block_1_1' title="bbox 691 212 733 279">
    <p class='ocr_par' dir='ltr' id='par_1_1' title="bbox 691 212 733 279">
     <span class='ocr_line' id='line_1_1' title="bbox 691 212 733 279; baseline 0 0"><span class='ocrx_word' id='word_1_1' title='bbox 691 212 733 279; x_wconf 82' lang='lat'>83</span> 
     </span>
    </p>
   </div>
   <div class='ocr_carea' id='block_1_2' title="bbox 612 304 809 313">
    <p class='ocr_par' dir='ltr' id='par_1_2' title="bbox 612 304 809 313">
     <span class='ocr_line' id='line_1_2' title="bbox 612 304 809 313; baseline 0 0"><span class='ocrx_word' id='word_1_2' title='bbox 612 304 809 313; x_wconf 61' lang='lat' dir='ltr'><em>——nn-</em></span> 
     </span>
    </p>
   </div>
   <div class='ocr_carea' id='block_1_3' title="bbox 145 422 318 489">
    <p class='ocr_par' dir='ltr' id='par_1_3' title="bbox 145 422 318 489">
     <span class='ocr_line' id='line_1_3' title="bbox 145 422 318 489; baseline -0.017 0"><span class='ocrx_word' id='word_1_3' title='bbox 145 424 231 489; x_wconf 67' lang='lat' dir='ltr'>ilua</span> <span class='ocrx_word' id='word_1_4' title='bbox 253 422 318 489; x_wconf 81' lang='lat'>287</span> 
     </span>
    </p>
   </div>
   <div class='ocr_carea' id='block_1_4' title="bbox 14 520 1324 4301">
    <p class='ocr_par' dir='ltr' id='par_1_4' title="bbox 182 520 1309 606">
     <span class='ocr_line' id='line_1_4' title="bbox 182 520 1309 606; baseline -0.005 -15"><span class='ocrx_word' id='word_1_5' title='bbox 182 526 231 593; x_wconf 92' lang='lat' dir='ltr'>A:</span> <span class='ocrx_word' id='word_1_6' title='bbox 260 526 334 589; x_wconf 88' lang='lat' dir='ltr'>lam</span> <span class='ocrx_word' id='word_1_7' title='bbox 351 522 487 588; x_wconf 90' lang='lat' dir='ltr'>he&#39;rele</span> <span class='ocrx_word' id='word_1_8' title='bbox 504 522 602 587; x_wconf 79' lang='lat' dir='ltr'>istos</span> <span class='ocrx_word' id='word_1_9' title='bbox 618 522 706 587; x_wconf 84' lang='lat' dir='ltr'>lietds</span> <span class='ocrx_word' id='word_1_10' title='bbox 722 520 913 606; x_wconf 89' lang='lat' dir='ltr'>compositos</span> <span class='ocrx_word' id='word_1_11' title='bbox 924 521 1045 606; x_wconf 86' lang='lat' dir='ltr'>crispos</span> <span class='ocrx_word' id='word_1_12' title='bbox 1063 520 1225 585; x_wconf 79' lang='lat' dir='ltr'>cincinnos</span> <span class='ocrx_word' id='word_1_13' title='bbox 1238 531 1309 585; x_wconf 90' lang='lat' dir='ltr'>tuos</span> 
     </span>
    </p>

    <p class='ocr_par' dir='ltr' id='par_1_5' title="bbox 96 623 1318 1635">
     <span class='ocr_line' id='line_1_5' title="bbox 183 623 1316 711; baseline -0.005 -19"><span class='ocrx_word' id='word_1_14' title='bbox 183 628 228 693; x_wconf 89' lang='lat' dir='ltr'>P:</span> <span class='ocrx_word' id='word_1_15' title='bbox 251 628 324 691; x_wconf 80' lang='lat' dir='ltr'>Idm</span> <span class='ocrx_word' id='word_1_16' title='bbox 352 649 424 711; x_wconf 87' lang='lat' dir='ltr'>ego</span> <span class='ocrx_word' id='word_1_17' title='bbox 448 628 545 689; x_wconf 86' lang='lat' dir='ltr'>istos</span> <span class='ocrx_word' id='word_1_18' title='bbox 569 625 659 687; x_wconf 80' lang='lat' dir='ltr'>lienis</span> <span class='ocrx_word' id='word_1_19' title='bbox 682 625 875 710; x_wconf 85' lang='lat' dir='ltr'>compositos</span> <span class='ocrx_word' id='word_1_20' title='bbox 903 624 1024 709; x_wconf 87' lang='lat' dir='ltr'>crispos</span> <span class='ocrx_word' id='word_1_21' title='bbox 1048 623 1211 688; x_wconf 80' lang='lat' dir='ltr'>cincinno:</span> <span class='ocrx_word' id='word_1_22' title='bbox 1234 633 1316 688; x_wconf 89' lang='lat' dir='ltr'>tuos.</span> 
     </span>
     <span class='ocr_line' id='line_1_6' title="bbox 98 725 1317 810; baseline -0.007 -15"><span class='ocrx_word' id='word_1_23' title='bbox 98 730 320 795; x_wconf 75' lang='lat' dir='ltr'>recensionem</span> <span class='ocrx_word' id='word_1_24' title='bbox 335 729 369 792; x_wconf 92' lang='lat' dir='ltr'>in</span> <span class='ocrx_word' id='word_1_25' title='bbox 389 728 550 793; x_wconf 86' lang='lat' dir='ltr'>Psactam</span> <span class='ocrx_word' id='word_1_26' title='bbox 567 750 636 791; x_wconf 86' lang='lat' dir='ltr'>esse</span> <span class='ocrx_word' id='word_1_27' title='bbox 658 749 721 790; x_wconf 90' lang='lat' dir='ltr'>non</span> <span class='ocrx_word' id='word_1_28' title='bbox 744 726 922 810; x_wconf 80' lang='lat' dir='ltr'>praefracte</span> <span class='ocrx_word' id='word_1_29' title='bbox 945 725 1140 808; x_wconf 88' lang='lat' dir='ltr'>negaverim,</span> <span class='ocrx_word' id='word_1_30' title='bbox 1163 725 1220 789; x_wconf 89' lang='lat' dir='ltr'>sed</span> <span class='ocrx_word' id='word_1_31' title='bbox 1244 736 1317 789; x_wconf 88' lang='lat' dir='ltr'>sunt</span> 
     </span>
     <span class='ocr_line' id='line_1_7' title="bbox 98 828 1315 917; baseline -0.007 -18"><span class='ocrx_word' id='word_1_32' title='bbox 98 854 182 917; x_wconf 83' lang='lat' dir='ltr'>quae</span> <span class='ocrx_word' id='word_1_33' title='bbox 200 832 438 897; x_wconf 80' lang='lat' dir='ltr'>dubitationem</span> <span class='ocrx_word' id='word_1_34' title='bbox 457 842 622 905; x_wconf 82' lang='lat' dir='ltr'>moveant3</span> <span class='ocrx_word' id='word_1_35' title='bbox 639 854 712 893; x_wconf 89' lang='lat' dir='ltr'>nam</span> <span class='ocrx_word' id='word_1_36' title='bbox 729 828 843 891; x_wconf 90' lang='lat' dir='ltr'>mirum</span> <span class='ocrx_word' id='word_1_37' title='bbox 860 840 905 892; x_wconf 90' lang='lat' dir='ltr'>est</span> <span class='ocrx_word' id='word_1_38' title='bbox 928 841 1138 893; x_wconf 83' lang='lat' dir='ltr'>correctorem</span> <span class='ocrx_word' id='word_1_39' title='bbox 1149 828 1315 892; x_wconf 88' lang='lat' dir='ltr'>induxisse</span> 
     </span>
     <span class='ocr_line' id='line_1_8' title="bbox 98 928 1317 1019; baseline -0.007 -18"><span class='ocrx_word' id='word_1_40' title='bbox 98 958 285 1003; x_wconf 88' lang='lat' dir='ltr'>mensuram</span> <span class='ocrx_word' id='word_1_41' title='bbox 314 938 378 997; x_wconf 77' lang='lat' dir='ltr'>idm</span> <span class='ocrx_word' id='word_1_42' title='bbox 406 957 468 1019; x_wconf 72' lang='lat' dir='ltr'>eqo,</span> <span class='ocrx_word' id='word_1_43' title='bbox 498 955 694 1017; x_wconf 84' lang='lat' dir='ltr'>quamquam</span> <span class='ocrx_word' id='word_1_44' title='bbox 721 932 887 1016; x_wconf 84' lang='lat' dir='ltr'>vulgarem</span> <span class='ocrx_word' id='word_1_45' title='bbox 915 954 1056 995; x_wconf 89' lang='lat' dir='ltr'>normam</span> <span class='ocrx_word' id='word_1_46' title='bbox 1085 930 1177 1014; x_wconf 90' lang='lat' dir='ltr'>sequi</span> <span class='ocrx_word' id='word_1_47' title='bbox 1200 928 1317 994; x_wconf 83' lang='lat' dir='ltr'>licebat</span> 
     </span>
     <span class='ocr_line' id='line_1_9' title="bbox 96 1032 1315 1118; baseline -0.003 -14"><span class='ocrx_word' id='word_1_48' title='bbox 96 1038 133 1103; x_wconf 91' lang='lat' dir='ltr'>in</span> <span class='ocrx_word' id='word_1_49' title='bbox 146 1038 236 1103; x_wconf 86' lang='lat' dir='ltr'>bunc</span> <span class='ocrx_word' id='word_1_50' title='bbox 252 1036 400 1101; x_wconf 88' lang='lat' dir='ltr'>modum:</span> <span class='ocrx_word' id='word_1_51' title='bbox 423 1036 499 1117; x_wconf 88' lang='lat' dir='ltr'>,iam</span> <span class='ocrx_word' id='word_1_52' title='bbox 518 1036 625 1099; x_wconf 72' lang='lat' dir='ltr'>hercle</span> <span class='ocrx_word' id='word_1_53' title='bbox 640 1035 743 1109; x_wconf 84' lang='lat' dir='ltr'>istos‘3</span> <span class='ocrx_word' id='word_1_54' title='bbox 767 1043 933 1118; x_wconf 90' lang='lat' dir='ltr'>praeterea</span> <span class='ocrx_word' id='word_1_55' title='bbox 955 1036 982 1097; x_wconf 93' lang='lat' dir='ltr'>si</span> <span class='ocrx_word' id='word_1_56' title='bbox 1005 1032 1184 1098; x_wconf 89' lang='lat' dir='ltr'>memineris</span> <span class='ocrx_word' id='word_1_57' title='bbox 1206 1034 1315 1100; x_wconf 76' lang='lat' dir='ltr'>Pseud.</span> 
     </span>
     <span class='ocr_line' id='line_1_10' title="bbox 97 1134 1316 1223; baseline -0.004 -17"><span class='ocrx_word' id='word_1_58' title='bbox 97 1140 163 1207; x_wconf 82' lang='lat'>626</span> <span class='ocrx_word' id='word_1_59' title='bbox 185 1137 255 1219; x_wconf 83' lang='lat' dir='ltr'>,tibi</span> <span class='ocrx_word' id='word_1_60' title='bbox 279 1160 340 1223; x_wconf 85' lang='lat' dir='ltr'>ego</span> <span class='ocrx_word' id='word_1_61' title='bbox 364 1137 448 1201; x_wconf 86' lang='lat' dir='ltr'>dem‘</span> <span class='ocrx_word' id='word_1_62' title='bbox 476 1136 514 1211; x_wconf 92' lang='lat' dir='ltr'>P,</span> <span class='ocrx_word' id='word_1_63' title='bbox 543 1136 610 1211; x_wconf 90' lang='lat' dir='ltr'>‚tibi</span> <span class='ocrx_word' id='word_1_64' title='bbox 635 1136 742 1199; x_wconf 88' lang='lat' dir='ltr'>hercle</span> <span class='ocrx_word' id='word_1_65' title='bbox 765 1136 847 1199; x_wconf 86' lang='lat' dir='ltr'>dcm‘</span> <span class='ocrx_word' id='word_1_66' title='bbox 875 1136 923 1212; x_wconf 89' lang='lat' dir='ltr'>A,</span> <span class='ocrx_word' id='word_1_67' title='bbox 953 1145 983 1199; x_wconf 89' lang='lat' dir='ltr'>et</span> <span class='ocrx_word' id='word_1_68' title='bbox 1006 1137 1086 1199; x_wconf 81' lang='lat' dir='ltr'>Men.</span> <span class='ocrx_word' id='word_1_69' title='bbox 1108 1134 1188 1213; x_wconf 86' lang='lat'>301,</span> <span class='ocrx_word' id='word_1_70' title='bbox 1208 1136 1263 1200; x_wconf 93' lang='lat' dir='ltr'>ubi</span> <span class='ocrx_word' id='word_1_71' title='bbox 1284 1136 1316 1201; x_wconf 91' lang='lat' dir='ltr'>in</span> 
     </span>
     <span class='ocr_line' id='line_1_11' title="bbox 96 1237 1314 1327; baseline -0.003 -20"><span class='ocrx_word' id='word_1_72' title='bbox 96 1240 129 1307; x_wconf 92' lang='lat' dir='ltr'>P</span> <span class='ocrx_word' id='word_1_73' title='bbox 154 1254 228 1327; x_wconf 87' lang='lat' dir='ltr'>post</span> <span class='ocrx_word' id='word_1_74' title='bbox 252 1242 350 1305; x_wconf 72' lang='lat' dir='ltr'>hercle</span> <span class='ocrx_word' id='word_1_75' title='bbox 376 1239 498 1303; x_wconf 83' lang='lat' dir='ltr'>excidit</span> <span class='ocrx_word' id='word_1_76' title='bbox 525 1262 591 1323; x_wconf 75' lang='lat' dir='ltr'>epo,</span> <span class='ocrx_word' id='word_1_77' title='bbox 621 1238 674 1301; x_wconf 92' lang='lat' dir='ltr'>hic</span> <span class='ocrx_word' id='word_1_78' title='bbox 703 1260 829 1324; x_wconf 84' lang='lat' dir='ltr'>qnoque</span> <span class='ocrx_word' id='word_1_79' title='bbox 857 1252 928 1322; x_wconf 88' lang='lat' dir='ltr'>post</span> <span class='ocrx_word' id='word_1_80' title='bbox 956 1261 1008 1323; x_wconf 69' lang='lat' dir='ltr'>eqo</span> <span class='ocrx_word' id='word_1_81' title='bbox 1030 1237 1189 1303; x_wconf 86' lang='lat' dir='ltr'>excidisse</span> <span class='ocrx_word' id='word_1_82' title='bbox 1211 1240 1314 1314; x_wconf 74' lang='lat' dir='ltr'>hercle,</span> 
     </span>
     <span class='ocr_line' id='line_1_12' title="bbox 97 1342 1318 1429; baseline -0.002 -20"><span class='ocrx_word' id='word_1_83' title='bbox 97 1344 188 1429; x_wconf 90' lang='lat' dir='ltr'>qnod</span> <span class='ocrx_word' id='word_1_84' title='bbox 213 1344 246 1407; x_wconf 91' lang='lat' dir='ltr'>in</span> <span class='ocrx_word' id='word_1_85' title='bbox 277 1342 368 1407; x_wconf 84' lang='lat' dir='ltr'>libris</span> <span class='ocrx_word' id='word_1_86' title='bbox 398 1342 585 1426; x_wconf 76' lang='lat' dir='ltr'>saepissime</span> <span class='ocrx_word' id='word_1_87' title='bbox 608 1342 762 1424; x_wconf 85' lang='lat' dir='ltr'>seriptum</span> <span class='ocrx_word' id='word_1_88' title='bbox 785 1356 832 1403; x_wconf 85' lang='lat' dir='ltr'>est</span> <span class='ocrx_word' id='word_1_89' title='bbox 854 1343 978 1427; x_wconf 57' lang='lat' dir='ltr'>caelest)</span> <span class='ocrx_word' id='word_1_90' title='bbox 1001 1363 1065 1404; x_wconf 90' lang='lat' dir='ltr'>non</span> <span class='ocrx_word' id='word_1_91' title='bbox 1087 1342 1243 1405; x_wconf 90' lang='lat' dir='ltr'>absonum</span> <span class='ocrx_word' id='word_1_92' title='bbox 1270 1353 1318 1407; x_wconf 87' lang='lat' dir='ltr'>est</span> 
     </span>
     <span class='ocr_line' id='line_1_13' title="bbox 97 1443 1318 1533; baseline -0.002 -22"><span class='ocrx_word' id='word_1_93' title='bbox 97 1456 224 1533; x_wconf 87' lang='lat' dir='ltr'>putare.</span> <span class='ocrx_word' id='word_1_94' title='bbox 259 1458 402 1509; x_wconf 88' lang='lat' dir='ltr'>ceterum</span> <span class='ocrx_word' id='word_1_95' title='bbox 416 1443 616 1507; x_wconf 88' lang='lat' dir='ltr'>Buechelero</span> <span class='ocrx_word' id='word_1_96' title='bbox 634 1443 876 1506; x_wconf 85' lang='lat' dir='ltr'>adsentiendum</span> <span class='ocrx_word' id='word_1_97' title='bbox 893 1444 1028 1521; x_wconf 89' lang='lat' dir='ltr'>videtur,</span> <span class='ocrx_word' id='word_1_98' title='bbox 1044 1443 1099 1527; x_wconf 91' lang='lat' dir='ltr'>qui</span> <span class='ocrx_word' id='word_1_99' title='bbox 1115 1465 1318 1509; x_wconf 89' lang='lat' dir='ltr'>numerorum</span> 
     </span>
     <span class='ocr_line' id='line_1_14' title="bbox 99 1546 549 1635; baseline -0.011 -22"><span class='ocrx_word' id='word_1_100' title='bbox 99 1548 282 1635; x_wconf 83' lang='lat' dir='ltr'>elegantiae</span> <span class='ocrx_word' id='word_1_101' title='bbox 305 1549 351 1611; x_wconf 88' lang='lat' dir='ltr'>sie</span> <span class='ocrx_word' id='word_1_102' title='bbox 374 1546 549 1611; x_wconf 88' lang='lat' dir='ltr'>consuluit:</span> 
     </span>
    </p>

    <p class='ocr_par' dir='ltr' id='par_1_6' title="bbox 101 1648 1314 1818">
     <span class='ocr_line' id='line_1_15' title="bbox 101 1648 1314 1735; baseline -0.002 -21"><span class='ocrx_word' id='word_1_103' title='bbox 101 1688 105 1695; x_wconf 95' lang='lat'>·</span> <span class='ocrx_word' id='word_1_104' title='bbox 190 1651 262 1715; x_wconf 89' lang='lat' dir='ltr'>Iam</span> <span class='ocrx_word' id='word_1_105' title='bbox 285 1650 394 1715; x_wconf 87' lang='lat' dir='ltr'>he&#39;rcle</span> <span class='ocrx_word' id='word_1_106' title='bbox 417 1672 478 1735; x_wconf 83' lang='lat' dir='ltr'>ego</span> <span class='ocrx_word' id='word_1_107' title='bbox 496 1650 573 1713; x_wconf 89' lang='lat' dir='ltr'>istos</span> <span class='ocrx_word' id='word_1_108' title='bbox 595 1648 690 1712; x_wconf 85' lang='lat' dir='ltr'>fictos</span> <span class='ocrx_word' id='word_1_109' title='bbox 710 1658 887 1731; x_wconf 90' lang='lat' dir='ltr'>comptos</span> <span class='ocrx_word' id='word_1_110' title='bbox 908 1648 1029 1733; x_wconf 82' lang='lat' dir='ltr'>crispos</span> <span class='ocrx_word' id='word_1_111' title='bbox 1059 1648 1221 1713; x_wconf 83' lang='lat' dir='ltr'>cincinnds</span> <span class='ocrx_word' id='word_1_112' title='bbox 1244 1657 1314 1714; x_wconf 88' lang='lat' dir='ltr'>tuos</span> 
     </span>
     <span class='ocr_line' id='line_1_16' title="bbox 149 1752 323 1818; baseline 0.006 -1"><span class='ocrx_word' id='word_1_113' title='bbox 149 1752 234 1817; x_wconf 81' lang='lat' dir='ltr'>Tmo.</span> <span class='ocrx_word' id='word_1_114' title='bbox 257 1752 323 1818; x_wconf 81' lang='grc'>290</span> 
     </span>
    </p>

    <p class='ocr_par' dir='ltr' id='par_1_7' title="bbox 186 1851 1162 1941">
     <span class='ocr_line' id='line_1_17' title="bbox 186 1851 1162 1941; baseline -0.004 -20"><span class='ocrx_word' id='word_1_115' title='bbox 186 1855 235 1921; x_wconf 90' lang='lat' dir='ltr'>A:</span> <span class='ocrx_word' id='word_1_116' title='bbox 258 1854 409 1941; x_wconf 78' lang='lat' dir='ltr'>Quinque</span> <span class='ocrx_word' id='word_1_117' title='bbox 431 1853 585 1917; x_wconf 83' lang='lat' dir='ltr'>bucculas</span> <span class='ocrx_word' id='word_1_118' title='bbox 608 1861 674 1916; x_wconf 87' lang='lat' dir='ltr'>tarn</span> <span class='ocrx_word' id='word_1_119' title='bbox 697 1851 780 1916; x_wconf 89' lang='lat' dir='ltr'>belle</span> <span class='ocrx_word' id='word_1_120' title='bbox 803 1853 1040 1938; x_wconf 89' lang='lat' dir='ltr'>purpurissatas</span> <span class='ocrx_word' id='word_1_121' title='bbox 1063 1852 1162 1917; x_wconf 91' lang='lat' dir='ltr'>habes</span> 
     </span>
    </p>

    <p class='ocr_par' dir='ltr' id='par_1_8' title="bbox 187 1954 1229 2043">
     <span class='ocr_line' id='line_1_18' title="bbox 187 1954 1229 2043; baseline -0.001 -23"><span class='ocrx_word' id='word_1_122' title='bbox 187 1956 231 2021; x_wconf 89' lang='lat' dir='ltr'>P:</span> <span class='ocrx_word' id='word_1_123' title='bbox 255 1956 406 2043; x_wconf 78' lang='lat' dir='ltr'>Quinque</span> <span class='ocrx_word' id='word_1_124' title='bbox 429 1956 506 2019; x_wconf 87' lang='lat' dir='ltr'>istas</span> <span class='ocrx_word' id='word_1_125' title='bbox 530 1955 647 2019; x_wconf 79' lang='lat' dir='ltr'>buccis</span> <span class='ocrx_word' id='word_1_126' title='bbox 670 1965 734 2017; x_wconf 89' lang='lat' dir='ltr'>tam</span> <span class='ocrx_word' id='word_1_127' title='bbox 759 1954 839 2018; x_wconf 90' lang='lat' dir='ltr'>belle</span> <span class='ocrx_word' id='word_1_128' title='bbox 862 1955 1096 2042; x_wconf 75' lang='lat' dir='ltr'>pdrporissatas</span> <span class='ocrx_word' id='word_1_129' title='bbox 1120 1954 1229 2021; x_wconf 89' lang='lat' dir='ltr'>habes.</span> 
     </span>
    </p>

    <p class='ocr_par' dir='ltr' id='par_1_9' title="bbox 14 2057 1321 2349">
     <span class='ocr_line' id='line_1_19' title="bbox 14 2057 1321 2148; baseline 0.001 -27"><span class='ocrx_word' id='word_1_130' title='bbox 14 2108 23 2121; x_wconf 98' lang='lat'>.</span> <span class='ocrx_word' id='word_1_131' title='bbox 104 2072 273 2148; x_wconf 86' lang='lat' dir='ltr'>postquam</span> <span class='ocrx_word' id='word_1_132' title='bbox 295 2082 354 2148; x_wconf 92' lang='lat' dir='ltr'>pro</span> <span class='ocrx_word' id='word_1_133' title='bbox 370 2059 470 2123; x_wconf 89' lang='lat' dir='ltr'>verbo</span> <span class='ocrx_word' id='word_1_134' title='bbox 486 2057 684 2122; x_wconf 84' lang='lat' dir='ltr'>denrinutivo</span> <span class='ocrx_word' id='word_1_135' title='bbox 700 2079 763 2120; x_wconf 85' lang='lat' dir='ltr'>vox</span> <span class='ocrx_word' id='word_1_136' title='bbox 781 2058 884 2120; x_wconf 69' lang='lat' dir='ltr'>bracena</span> <span class='ocrx_word' id='word_1_137' title='bbox 899 2058 1063 2122; x_wconf 86' lang='lat' dir='ltr'>oculorum</span> <span class='ocrx_word' id='word_1_138' title='bbox 1079 2079 1186 2123; x_wconf 87' lang='lat' dir='ltr'>errore</span> <span class='ocrx_word' id='word_1_139' title='bbox 1202 2059 1321 2144; x_wconf 87' lang='lat' dir='ltr'>scripta</span> 
     </span>
     <span class='ocr_line' id='line_1_20' title="bbox 105 2160 1317 2250; baseline -0.002 -21"><span class='ocrx_word' id='word_1_140' title='bbox 105 2174 167 2241; x_wconf 83' lang='lat' dir='ltr'>est,</span> <span class='ocrx_word' id='word_1_141' title='bbox 195 2164 288 2229; x_wconf 89' lang='lat' dir='ltr'>metri</span> <span class='ocrx_word' id='word_1_142' title='bbox 316 2164 424 2250; x_wconf 86' lang='lat' dir='ltr'>gratia</span> <span class='ocrx_word' id='word_1_143' title='bbox 452 2173 564 2226; x_wconf 88' lang='lat' dir='ltr'>auctor</span> <span class='ocrx_word' id='word_1_144' title='bbox 592 2160 786 2225; x_wconf 84' lang='lat' dir='ltr'>recensionis</span> <span class='ocrx_word' id='word_1_145' title='bbox 814 2160 981 2225; x_wconf 85' lang='lat' dir='ltr'>Palatinae</span> <span class='ocrx_word' id='word_1_146' title='bbox 1009 2164 1081 2224; x_wconf 76' lang='lat' dir='ltr'>ictae</span> <span class='ocrx_word' id='word_1_147' title='bbox 1104 2184 1232 2228; x_wconf 91' lang='lat' dir='ltr'>versum</span> <span class='ocrx_word' id='word_1_148' title='bbox 1255 2162 1317 2227; x_wconf 81' lang='lat'>287</span> 
     </span>
     <span class='ocr_line' id='line_1_21' title="bbox 107 2263 799 2349; baseline 0 -20"><span class='ocrx_word' id='word_1_149' title='bbox 107 2265 248 2333; x_wconf 89' lang='lat' dir='ltr'>imitatus</span> <span class='ocrx_word' id='word_1_150' title='bbox 272 2266 408 2330; x_wconf 87' lang='lat' dir='ltr'>addidit.</span> <span class='ocrx_word' id='word_1_151' title='bbox 432 2265 473 2329; x_wconf 87' lang='lat' dir='ltr'>cf.</span> <span class='ocrx_word' id='word_1_152' title='bbox 496 2265 691 2349; x_wconf 87' lang='lat' dir='ltr'>Nimeyerus</span> <span class='ocrx_word' id='word_1_153' title='bbox 715 2286 746 2348; x_wconf 89' lang='lat' dir='ltr'>p.</span> <span class='ocrx_word' id='word_1_154' title='bbox 770 2263 799 2329; x_wconf 89' lang='lat'>6.</span> 
     </span>
    </p>

    <p class='ocr_par' dir='ltr' id='par_1_10' title="bbox 153 2370 324 2435">
     <span class='ocr_line' id='line_1_22' title="bbox 153 2370 324 2435; baseline 0 -2"><span class='ocrx_word' id='word_1_155' title='bbox 153 2370 237 2435; x_wconf 71' lang='lat' dir='ltr'>Tne.</span> <span class='ocrx_word' id='word_1_156' title='bbox 260 2370 324 2434; x_wconf 81' lang='lat'>296</span> 
     </span>
    </p>

    <p class='ocr_par' dir='ltr' id='par_1_11' title="bbox 188 2467 1319 2557">
     <span class='ocr_line' id='line_1_23' title="bbox 188 2467 1319 2557; baseline -0.004 -20"><span class='ocrx_word' id='word_1_157' title='bbox 188 2473 237 2537; x_wconf 92' lang='lat' dir='ltr'>A:</span> <span class='ocrx_word' id='word_1_158' title='bbox 261 2472 335 2536; x_wconf 86' lang='lat' dir='ltr'>Solo</span> <span class='ocrx_word' id='word_1_159' title='bbox 359 2493 420 2556; x_wconf 85' lang='lat' dir='ltr'>ego</span> <span class='ocrx_word' id='word_1_160' title='bbox 442 2471 525 2555; x_wconf 59' lang='lat' dir='ltr'>plusj</span> <span class='ocrx_word' id='word_1_161' title='bbox 549 2492 646 2557; x_wconf 89' lang='lat' dir='ltr'>quam</span> <span class='ocrx_word' id='word_1_162' title='bbox 670 2479 708 2532; x_wconf 92' lang='lat' dir='ltr'>tu</span> <span class='ocrx_word' id='word_1_163' title='bbox 731 2467 925 2533; x_wconf 73' lang='lat' dir='ltr'>arbitrare</span> <span class='ocrx_word' id='word_1_164' title='bbox 948 2468 1052 2532; x_wconf 88' lang='lat' dir='ltr'>sclre</span> <span class='ocrx_word' id='word_1_165' title='bbox 1075 2491 1141 2534; x_wconf 91' lang='lat' dir='ltr'>me.</span> <span class='ocrx_word' id='word_1_166' title='bbox 1157 2469 1165 2555; x_wconf 72' lang='lat' dir='ltr'>ll</span> <span class='ocrx_word' id='word_1_167' title='bbox 1183 2468 1261 2556; x_wconf 91' lang='lat' dir='ltr'>quid</span> <span class='ocrx_word' id='word_1_168' title='bbox 1284 2468 1319 2533; x_wconf 91' lang='lat' dir='ltr'>id</span> 
     </span>
    </p>

    <p class='ocr_par' dir='ltr' id='par_1_12' title="bbox 915 2570 1119 2636">
     <span class='ocr_line' id='line_1_24' title="bbox 915 2570 1119 2636; baseline 0 0"><span class='ocrx_word' id='word_1_169' title='bbox 915 2570 1119 2636; x_wconf 88' lang='lat' dir='ltr'>dbsecrost</span> 
     </span>
    </p>

    <p class='ocr_par' dir='ltr' id='par_1_13' title="bbox 187 2672 1320 2762">
     <span class='ocr_line' id='line_1_25' title="bbox 187 2672 1320 2762; baseline 0 -22"><span class='ocrx_word' id='word_1_170' title='bbox 187 2675 231 2740; x_wconf 88' lang='lat' dir='ltr'>P:</span> <span class='ocrx_word' id='word_1_171' title='bbox 254 2675 330 2742; x_wconf 84' lang='lat' dir='ltr'>Scio</span> <span class='ocrx_word' id='word_1_172' title='bbox 353 2696 413 2760; x_wconf 87' lang='lat' dir='ltr'>ego</span> <span class='ocrx_word' id='word_1_173' title='bbox 436 2674 508 2758; x_wconf 90' lang='lat' dir='ltr'>plus</span> <span class='ocrx_word' id='word_1_174' title='bbox 532 2695 627 2757; x_wconf 91' lang='lat' dir='ltr'>quam</span> <span class='ocrx_word' id='word_1_175' title='bbox 651 2694 705 2736; x_wconf 91' lang='lat' dir='ltr'>me</span> <span class='ocrx_word' id='word_1_176' title='bbox 729 2672 932 2737; x_wconf 75' lang='lat' dir='ltr'>arbitrare</span> <span class='ocrx_word' id='word_1_177' title='bbox 955 2675 1066 2743; x_wconf 87' lang='lat' dir='ltr'>scire.</span> <span class='ocrx_word' id='word_1_178' title='bbox 1082 2676 1090 2761; x_wconf 73' lang='lat' dir='ltr'>ll</span> <span class='ocrx_word' id='word_1_179' title='bbox 1106 2675 1184 2762; x_wconf 92' lang='lat' dir='ltr'>quid</span> <span class='ocrx_word' id='word_1_180' title='bbox 1206 2676 1238 2739; x_wconf 93' lang='lat' dir='ltr'>id</span> <span class='ocrx_word' id='word_1_181' title='bbox 1262 2687 1320 2740; x_wconf 87' lang='lat' dir='ltr'>est</span> 
     </span>
    </p>

    <p class='ocr_par' dir='ltr' id='par_1_14' title="bbox 917 2775 1089 2845">
     <span class='ocr_line' id='line_1_26' title="bbox 917 2775 1089 2845; baseline 0.023 -5"><span class='ocrx_word' id='word_1_182' title='bbox 917 2775 1089 2845; x_wconf 81' lang='lat' dir='ltr'>dbseero.</span> 
     </span>
    </p>

    <p class='ocr_par' dir='ltr' id='par_1_15' title="bbox 112 2879 1321 3357">
     <span class='ocr_line' id='line_1_27' title="bbox 189 2879 1321 2964; baseline -0.001 -18"><span class='ocrx_word' id='word_1_183' title='bbox 189 2880 228 2947; x_wconf 92' lang='lat' dir='ltr'>In</span> <span class='ocrx_word' id='word_1_184' title='bbox 252 2880 285 2944; x_wconf 95' lang='lat' dir='ltr'>A</span> <span class='ocrx_word' id='word_1_185' title='bbox 309 2879 389 2944; x_wconf 91' lang='lat' dir='ltr'>bene</span> <span class='ocrx_word' id='word_1_186' title='bbox 413 2901 446 2943; x_wconf 89' lang='lat' dir='ltr'>se</span> <span class='ocrx_word' id='word_1_187' title='bbox 471 2880 568 2943; x_wconf 89' lang='lat' dir='ltr'>habet</span> <span class='ocrx_word' id='word_1_188' title='bbox 591 2892 623 2943; x_wconf 82' lang='lat' dir='ltr'>tn</span> <span class='ocrx_word' id='word_1_189' title='bbox 645 2879 826 2964; x_wconf 87' lang='lat' dir='ltr'>oppositum</span> <span class='ocrx_word' id='word_1_190' title='bbox 842 2879 912 2944; x_wconf 92' lang='lat' dir='ltr'>voci</span> <span class='ocrx_word' id='word_1_191' title='bbox 936 2902 1003 2964; x_wconf 67' lang='lat'>89⁰3</span> <span class='ocrx_word' id='word_1_192' title='bbox 1026 2881 1066 2943; x_wconf 89' lang='lat' dir='ltr'>ef.</span> <span class='ocrx_word' id='word_1_193' title='bbox 1092 2879 1158 2945; x_wconf 85' lang='lat' dir='ltr'>Coa.</span> <span class='ocrx_word' id='word_1_194' title='bbox 1175 2880 1321 2964; x_wconf 78' lang='lat'>113,27.</span> 
     </span>
     <span class='ocr_line' id='line_1_28' title="bbox 112 2980 1321 3069; baseline 0.001 -22"><span class='ocrx_word' id='word_1_195' title='bbox 112 2983 278 3069; x_wconf 89' lang='lat' dir='ltr'>quodcum</span> <span class='ocrx_word' id='word_1_196' title='bbox 293 2982 334 3046; x_wconf 93' lang='lat' dir='ltr'>ab</span> <span class='ocrx_word' id='word_1_197' title='bbox 347 3004 393 3058; x_wconf 90' lang='lat' dir='ltr'>eo,</span> <span class='ocrx_word' id='word_1_198' title='bbox 411 2981 466 3067; x_wconf 92' lang='lat' dir='ltr'>qui</span> <span class='ocrx_word' id='word_1_199' title='bbox 482 2980 702 3045; x_wconf 89' lang='lat' dir='ltr'>Palatinorum</span> <span class='ocrx_word' id='word_1_200' title='bbox 720 2982 929 3067; x_wconf 81' lang='lat' dir='ltr'>archetypum</span> <span class='ocrx_word' id='word_1_201' title='bbox 947 2982 1123 3068; x_wconf 89' lang='lat' dir='ltr'>descripsit,</span> <span class='ocrx_word' id='word_1_202' title='bbox 1139 2984 1321 3069; x_wconf 86' lang='lat' dir='ltr'>neglectum</span> 
     </span>
     <span class='ocr_line' id='line_1_29' title="bbox 112 3085 1320 3170; baseline 0.002 -21"><span class='ocrx_word' id='word_1_203' title='bbox 112 3096 201 3163; x_wconf 88' lang='lat' dir='ltr'>esset,</span> <span class='ocrx_word' id='word_1_204' title='bbox 235 3086 314 3149; x_wconf 90' lang='lat' dir='ltr'>scite</span> <span class='ocrx_word' id='word_1_205' title='bbox 345 3085 486 3169; x_wconf 85' lang='lat' dir='ltr'>prolecto</span> <span class='ocrx_word' id='word_1_206' title='bbox 519 3096 629 3147; x_wconf 88' lang='lat' dir='ltr'>auctor</span> <span class='ocrx_word' id='word_1_207' title='bbox 657 3085 849 3148; x_wconf 83' lang='lat' dir='ltr'>recensionis</span> <span class='ocrx_word' id='word_1_208' title='bbox 878 3085 976 3149; x_wconf 87' lang='lat' dir='ltr'>verba</span> <span class='ocrx_word' id='word_1_209' title='bbox 1005 3095 1119 3170; x_wconf 88' lang='lat' dir='ltr'>poetae</span> <span class='ocrx_word' id='word_1_210' title='bbox 1148 3087 1193 3151; x_wconf 88' lang='lat' dir='ltr'>ita</span> <span class='ocrx_word' id='word_1_211' title='bbox 1219 3096 1320 3152; x_wconf 88' lang='lat' dir='ltr'>trans·</span> 
     </span>
     <span class='ocr_line' id='line_1_30' title="bbox 112 3186 1321 3273; baseline 0.002 -20"><span class='ocrx_word' id='word_1_212' title='bbox 112 3189 221 3271; x_wconf 90' lang='lat' dir='ltr'>posuit,</span> <span class='ocrx_word' id='word_1_213' title='bbox 244 3198 280 3253; x_wconf 91' lang='lat' dir='ltr'>nt</span> <span class='ocrx_word' id='word_1_214' title='bbox 301 3210 395 3251; x_wconf 90' lang='lat' dir='ltr'>nemo</span> <span class='ocrx_word' id='word_1_215' title='bbox 418 3186 635 3252; x_wconf 89' lang='lat' dir='ltr'>recensionem</span> <span class='ocrx_word' id='word_1_216' title='bbox 660 3187 808 3272; x_wconf 85' lang='lat' dir='ltr'>detegere</span> <span class='ocrx_word' id='word_1_217' title='bbox 831 3188 980 3273; x_wconf 88' lang='lat' dir='ltr'>potuerit,</span> <span class='ocrx_word' id='word_1_218' title='bbox 1003 3190 1063 3253; x_wconf 91' lang='lat' dir='ltr'>nisi</span> <span class='ocrx_word' id='word_1_219' title='bbox 1086 3189 1321 3255; x_wconf 89' lang='lat' dir='ltr'>Ambrosianus</span> 
     </span>
     <span class='ocr_line' id='line_1_31' title="bbox 112 3290 399 3357; baseline 0.01 -4"><span class='ocrx_word' id='word_1_220' title='bbox 112 3300 242 3356; x_wconf 84' lang='lat' dir='ltr'>aetatem</span> <span class='ocrx_word' id='word_1_221' title='bbox 264 3290 399 3357; x_wconf 90' lang='lat' dir='ltr'>tulisset.</span> 
     </span>
    </p>

    <p class='ocr_par' dir='ltr' id='par_1_16' title="bbox 148 3391 325 3458">
     <span class='ocr_line' id='line_1_32' title="bbox 148 3391 325 3458; baseline -0.017 -1"><span class='ocrx_word' id='word_1_222' title='bbox 148 3394 241 3458; x_wconf 79' lang='lat' dir='ltr'>Mero.</span> <span class='ocrx_word' id='word_1_223' title='bbox 264 3391 325 3456; x_wconf 80' lang='lat'>271</span> 
     </span>
    </p>

    <p class='ocr_par' dir='ltr' id='par_1_17' title="bbox 188 3494 1111 3563">
     <span class='ocr_line' id='line_1_33' title="bbox 188 3494 1111 3563; baseline 0.001 -4"><span class='ocrx_word' id='word_1_224' title='bbox 188 3496 238 3559; x_wconf 88' lang='lat' dir='ltr'>A:</span> <span class='ocrx_word' id='word_1_225' title='bbox 261 3494 327 3561; x_wconf 84' lang='lat' dir='ltr'>Sed</span> <span class='ocrx_word' id='word_1_226' title='bbox 350 3494 574 3558; x_wconf 88' lang='lat' dir='ltr'>conticiscam:</span> <span class='ocrx_word' id='word_1_227' title='bbox 598 3517 672 3558; x_wconf 90' lang='lat' dir='ltr'>nam</span> <span class='ocrx_word' id='word_1_228' title='bbox 695 3517 806 3560; x_wconf 88' lang='lat' dir='ltr'>eccum</span> <span class='ocrx_word' id='word_1_229' title='bbox 829 3497 853 3559; x_wconf 93' lang='lat' dir='ltr'>it</span> <span class='ocrx_word' id='word_1_230' title='bbox 877 3497 1001 3563; x_wconf 89' lang='lat' dir='ltr'>vicinus</span> <span class='ocrx_word' id='word_1_231' title='bbox 1022 3498 1111 3561; x_wconf 89' lang='lat' dir='ltr'>foras</span> 
     </span>
    </p>

    <p class='ocr_par' dir='ltr' id='par_1_18' title="bbox 188 3595 1072 3666">
     <span class='ocr_line' id='line_1_34' title="bbox 188 3595 1072 3666; baseline 0.002 -3"><span class='ocrx_word' id='word_1_232' title='bbox 188 3598 234 3663; x_wconf 90' lang='lat' dir='ltr'>P:</span> <span class='ocrx_word' id='word_1_233' title='bbox 256 3595 323 3663; x_wconf 82' lang='lat' dir='ltr'>Sed</span> <span class='ocrx_word' id='word_1_234' title='bbox 344 3596 567 3661; x_wconf 89' lang='lat' dir='ltr'>conticiscam:</span> <span class='ocrx_word' id='word_1_235' title='bbox 591 3597 732 3663; x_wconf 91' lang='lat' dir='ltr'>vicinum</span> <span class='ocrx_word' id='word_1_236' title='bbox 755 3621 865 3663; x_wconf 88' lang='lat' dir='ltr'>eccum</span> <span class='ocrx_word' id='word_1_237' title='bbox 888 3601 955 3663; x_wconf 87' lang='lat' dir='ltr'>exit</span> <span class='ocrx_word' id='word_1_238' title='bbox 975 3598 1072 3666; x_wconf 76' lang='lat' dir='ltr'>foras.</span> 
     </span>
    </p>

    <p class='ocr_par' dir='ltr' id='par_1_19' title="bbox 108 3697 1324 4301">
     <span class='ocr_line' id='line_1_35' title="bbox 109 3697 1320 3788; baseline 0.002 -23"><span class='ocrx_word' id='word_1_239' title='bbox 109 3697 318 3786; x_wconf 87' lang='lat' dir='ltr'>Niemeyerus</span> <span class='ocrx_word' id='word_1_240' title='bbox 346 3703 420 3787; x_wconf 87' lang='lat' dir='ltr'>p.6</span> <span class='ocrx_word' id='word_1_241' title='bbox 455 3699 685 3764; x_wconf 87' lang='lat' dir='ltr'>demonstravit</span> <span class='ocrx_word' id='word_1_242' title='bbox 719 3723 830 3765; x_wconf 89' lang='lat' dir='ltr'>vocem</span> <span class='ocrx_word' id='word_1_243' title='bbox 859 3726 955 3766; x_wconf 81' lang='lat' dir='ltr'>eccam</span> <span class='ocrx_word' id='word_1_244' title='bbox 989 3702 1125 3766; x_wconf 88' lang='lat' dir='ltr'>nominis</span> <span class='ocrx_word' id='word_1_245' title='bbox 1159 3702 1201 3765; x_wconf 90' lang='lat' dir='ltr'>ad</span> <span class='ocrx_word' id='word_1_246' title='bbox 1233 3703 1320 3788; x_wconf 92' lang='lat' dir='ltr'>quod</span> 
     </span>
     <span class='ocr_line' id='line_1_36' title="bbox 110 3802 1323 3889; baseline 0.001 -20"><span class='ocrx_word' id='word_1_247' title='bbox 110 3814 230 3889; x_wconf 84' lang='lat' dir='ltr'>spectat</span> <span class='ocrx_word' id='word_1_248' title='bbox 256 3802 430 3889; x_wconf 89' lang='lat' dir='ltr'>praepositi</span> <span class='ocrx_word' id='word_1_249' title='bbox 459 3803 693 3866; x_wconf 86' lang='lat' dir='ltr'>nominativum</span> <span class='ocrx_word' id='word_1_250' title='bbox 716 3815 839 3869; x_wconf 86' lang='lat' dir='ltr'>tantum</span> <span class='ocrx_word' id='word_1_251' title='bbox 863 3828 988 3886; x_wconf 81' lang='lat' dir='ltr'>casum,</span> <span class='ocrx_word' id='word_1_252' title='bbox 1017 3828 1080 3869; x_wconf 90' lang='lat' dir='ltr'>non</span> <span class='ocrx_word' id='word_1_253' title='bbox 1104 3807 1323 3871; x_wconf 88' lang='lat' dir='ltr'>accusativum</span> 
     </span>
     <span class='ocr_line' id='line_1_37' title="bbox 109 3906 1322 3993; baseline 0.002 -22"><span class='ocrx_word' id='word_1_254' title='bbox 109 3906 285 3971; x_wconf 79' lang='lat' dir='ltr'>admittere.</span> <span class='ocrx_word' id='word_1_255' title='bbox 321 3906 554 3970; x_wconf 85' lang='lat' dir='ltr'>nominativum</span> <span class='ocrx_word' id='word_1_256' title='bbox 583 3929 658 3970; x_wconf 89' lang='lat' dir='ltr'>vero</span> <span class='ocrx_word' id='word_1_257' title='bbox 687 3913 852 3971; x_wconf 87' lang='lat' dir='ltr'>restituere</span> <span class='ocrx_word' id='word_1_258' title='bbox 880 3931 953 3972; x_wconf 90' lang='lat' dir='ltr'>eum</span> <span class='ocrx_word' id='word_1_259' title='bbox 981 3908 1013 3971; x_wconf 93' lang='lat' dir='ltr'>in</span> <span class='ocrx_word' id='word_1_260' title='bbox 1043 3908 1072 3972; x_wconf 95' lang='lat' dir='ltr'><strong>P</strong></span> <span class='ocrx_word' id='word_1_261' title='bbox 1103 3931 1160 3993; x_wconf 92' lang='lat' dir='ltr'>per</span> <span class='ocrx_word' id='word_1_262' title='bbox 1184 3919 1322 3974; x_wconf 90' lang='lat' dir='ltr'>metrum</span> 
     </span>
     <span class='ocr_line' id='line_1_38' title="bbox 109 4008 1321 4097; baseline 0.004 -24"><span class='ocrx_word' id='word_1_263' title='bbox 109 4032 170 4075; x_wconf 92' lang='lat' dir='ltr'>non</span> <span class='ocrx_word' id='word_1_264' title='bbox 190 4009 299 4086; x_wconf 74' lang='lat' dir='ltr'>licem,</span> <span class='ocrx_word' id='word_1_265' title='bbox 322 4018 457 4093; x_wconf 90' lang='lat' dir='ltr'>apparet</span> <span class='ocrx_word' id='word_1_266' title='bbox 477 4008 699 4072; x_wconf 82' lang='lat' dir='ltr'>Palatinarum</span> <span class='ocrx_word' id='word_1_267' title='bbox 724 4033 850 4074; x_wconf 88' lang='lat' dir='ltr'>versum</span> <span class='ocrx_word' id='word_1_268' title='bbox 873 4011 1043 4075; x_wconf 89' lang='lat' dir='ltr'>correctori</span> <span class='ocrx_word' id='word_1_269' title='bbox 1066 4011 1192 4088; x_wconf 89' lang='lat' dir='ltr'>deberi;</span> <span class='ocrx_word' id='word_1_270' title='bbox 1217 4034 1321 4097; x_wconf 89' lang='lat' dir='ltr'>neque</span> 
     </span>
     <span class='ocr_line' id='line_1_39' title="bbox 109 4111 1324 4198; baseline 0.002 -21"><span class='ocrx_word' id='word_1_271' title='bbox 109 4112 212 4177; x_wconf 88' lang='lat' dir='ltr'>minus</span> <span class='ocrx_word' id='word_1_272' title='bbox 239 4111 274 4175; x_wconf 89' lang='lat' dir='ltr'>in</span> <span class='ocrx_word' id='word_1_273' title='bbox 302 4111 357 4176; x_wconf 92' lang='lat' dir='ltr'>illo</span> <span class='ocrx_word' id='word_1_274' title='bbox 386 4111 580 4196; x_wconf 87' lang='lat' dir='ltr'>Niemeyero</span> <span class='ocrx_word' id='word_1_275' title='bbox 609 4113 854 4176; x_wconf 86' lang='lat' dir='ltr'>adsentiendum</span> <span class='ocrx_word' id='word_1_276' title='bbox 882 4123 943 4190; x_wconf 86' lang='lat' dir='ltr'>est,</span> <span class='ocrx_word' id='word_1_277' title='bbox 975 4114 1061 4198; x_wconf 89' lang='lat' dir='ltr'>quod</span> <span class='ocrx_word' id='word_1_278' title='bbox 1089 4136 1129 4178; x_wconf 87' lang='lat' dir='ltr'>ex</span> <span class='ocrx_word' id='word_1_279' title='bbox 1160 4137 1236 4179; x_wconf 90' lang='lat' dir='ltr'>voce</span> <span class='ocrx_word' id='word_1_280' title='bbox 1264 4118 1324 4180; x_wconf 76' lang='lat' dir='ltr'>ecit</span> 
     </span>
     <span class='ocr_line' id='line_1_40' title="bbox 108 4212 1130 4301; baseline 0.003 -21"><span class='ocrx_word' id='word_1_281' title='bbox 108 4237 165 4301; x_wconf 87' lang='lat' dir='ltr'>pro</span> <span class='ocrx_word' id='word_1_282' title='bbox 186 4217 212 4279; x_wconf 79' lang='lat' dir='ltr'>it</span> <span class='ocrx_word' id='word_1_283' title='bbox 235 4212 366 4278; x_wconf 89' lang='lat' dir='ltr'>arbitrio</span> <span class='ocrx_word' id='word_1_284' title='bbox 388 4214 512 4278; x_wconf 89' lang='lat' dir='ltr'>librarii</span> <span class='ocrx_word' id='word_1_285' title='bbox 535 4215 656 4299; x_wconf 86' lang='lat' dir='ltr'>scripta</span> <span class='ocrx_word' id='word_1_286' title='bbox 679 4216 788 4281; x_wconf 88' lang='lat' dir='ltr'>turbas</span> <span class='ocrx_word' id='word_1_287' title='bbox 811 4225 897 4280; x_wconf 86' lang='lat' dir='ltr'>ortas</span> <span class='ocrx_word' id='word_1_288' title='bbox 921 4239 989 4281; x_wconf 89' lang='lat' dir='ltr'>esse</span> <span class='ocrx_word' id='word_1_289' title='bbox 1013 4228 1130 4284; x_wconf 87' lang='lat' dir='ltr'>censet.</span> 
     </span>
    </p>
   </div>
   <div class='ocr_carea' id='block_1_5' title="bbox 177 4436 1173 4597">
    <p class='ocr_par' dir='ltr' id='par_1_20' title="bbox 177 4436 1173 4597">
     <span class='ocr_line' id='line_1_41' title="bbox 177 4436 1122 4509; baseline 0.003 -18"><span class='ocrx_word' id='word_1_290' title='bbox 177 4436 199 4509; x_wconf 94' lang='lat'>¹)</span> <span class='ocrx_word' id='word_1_291' title='bbox 215 4436 248 4491; x_wconf 76' lang='lat' dir='ltr'>E.</span> <span class='ocrx_word' id='word_1_292' title='bbox 266 4454 292 4507; x_wconf 82' lang='lat' dir='ltr'>g.</span> <span class='ocrx_word' id='word_1_293' title='bbox 314 4437 388 4490; x_wconf 80' lang='lat' dir='ltr'>Tria.</span> <span class='ocrx_word' id='word_1_294' title='bbox 407 4437 463 4491; x_wconf 80' lang='lat'>717.</span> <span class='ocrx_word' id='word_1_295' title='bbox 483 4437 553 4489; x_wconf 83' lang='lat' dir='ltr'>Men.</span> <span class='ocrx_word' id='word_1_296' title='bbox 572 4437 629 4489; x_wconf 88' lang='grc'><strong>618.</strong></span> <span class='ocrx_word' id='word_1_297' title='bbox 649 4437 878 4492; x_wconf 57' lang='grc'>6100106469.</span> <span class='ocrx_word' id='word_1_298' title='bbox 897 4439 954 4493; x_wconf 81' lang='grc'><strong>585.</strong></span> <span class='ocrx_word' id='word_1_299' title='bbox 973 4440 1045 4492; x_wconf 77' lang='lat' dir='ltr'>Asin.</span> <span class='ocrx_word' id='word_1_300' title='bbox 1064 4440 1122 4494; x_wconf 83' lang='lat'>450.</span> 
     </span>
     <span class='ocr_line' id='line_1_42' title="bbox 1138 4543 1173 4597; baseline 0 -23"><span class='ocrx_word' id='word_1_301' title='bbox 1138 4543 1173 4597; x_wconf 63' lang='lat' dir='ltr'>Gi*</span> 
     </span>
    </p>
   </div>
   <div class='ocr_carea' id='block_1_6' title="bbox 0 0 1529 5220">
    <p class='ocr_par' dir='ltr' id='par_1_21' title="bbox 0 0 1529 5220">
     <span class='ocr_line' id='line_1_43' title="bbox 0 0 1529 5220; baseline 0 0"><span class='ocrx_word' id='word_1_302' title='bbox 0 0 1529 5220; x_wconf 95' lang='lat' dir='ltr'> </span> 
     </span>
    </p>
   </div>
  </div>
 </body>
</html>
