3038 5220
723 282 765 346 28

219 485 273 549 Ex
295 496 400 549 metro
426 507 538 551 versus
555 485 637 550 1187
659 484 789 551 turbato
805 486 1003 552 Ritschclius
1024 488 1194 566 conclusit,
1217 488 1368 554 duorum

134 609 286 652 versuum
308 586 461 671 reliquias
483 587 516 651 in
539 610 638 652 unum
660 589 817 654 coaluisse
839 588 882 654 ad
903 589 990 655 hunc
1004 590 1150 655 modum:

174 688 315 759 HARP.
336 687 420 774 Quoi
443 688 596 757 domino?
632 690 686 756 81.
720 690 800 775 quid
821 693 906 756 socci
964 699 981 734 *
1038 698 1055 733 *
1113 700 1130 735 ⁸
1188 700 1205 735 ⁸
1270 699 1291 737 ¹*
1351 700 1368 736 ¹⁸

175 799 192 834 *
278 799 295 834 *
723 793 802 880 quid
824 793 1012 858 somniatis?
1033 816 1106 859 mea
1127 816 1154 860 e
1177 817 1210 880 q.
1235 818 1265 860 s.

131 894 164 958 in
186 895 220 958 A
249 915 327 959 vero
352 916 427 959 cum
458 893 567 960 verbis
600 897 678 982 quid
703 900 779 960 socci
804 896 930 962 omissis
958 896 1006 983 (id
1036 897 1123 983 quod
1153 896 1369 965 Ritsclrelins

128 996 257 1080 nesciit)
278 1008 416 1063 metrum
437 1020 552 1062 sanum
568 997 620 1075 sit,
642 998 869 1082 inquirendum
884 998 953 1079 erit,
978 1010 1086 1065 utrum
1107 999 1247 1065 consilio
1270 1001 1363 1070 hacc

130 1097 230 1164 verba
264 1100 299 1164 in
330 1101 364 1164 A
402 1099 540 1186 expulsa
580 1122 622 1164 an
660 1101 693 1165 iu
726 1101 757 1166 P
794 1101 987 1187 interpolata
1024 1102 1097 1167 siut.
1158 1104 1255 1188 atqui
1294 1103 1367 1169 tale

130 1201 386 1268 additamentum
423 1201 706 1289 interpolatoribus
741 1203 774 1267 in
808 1215 948 1269 mentem
982 1204 1109 1268 venisse
1146 1226 1205 1290 per
1237 1227 1276 1270 se
1304 1206 1369 1272 vix

129 1305 327 1371 credendum
349 1318 412 1384 est3
433 1328 540 1391 neque
553 1306 724 1392 quisquam
741 1305 848 1371 Plauti
872 1306 995 1392 peritus
1013 1305 1239 1372 Palatinomm
1263 1307 1368 1373 inter·
1420 1372 1423 1377 ⁴

128 1408 323 1492 polationem
355 1408 430 1473 iude
452 1422 584 1494 arguet,
611 1408 697 1492 quod
719 1407 903 1473 Pseudulus
936 1430 1033 1473 versu
1054 1407 1118 1473 735
1146 1407 1366 1494 chlamydem

131 1522 269 1587 tantum,
292 1510 508 1588 machaeram,
534 1521 683 1598 petasum
698 1511 852 1598 requirat.
896 1523 932 1575 ut
948 1510 1033 1576 enim
1050 1511 1123 1576 talis
1136 1512 1365 1599 neglegentia,

130 1613 246 1696 siqua
268 1624 327 1690 cst,
349 1613 383 1677 in
416 1612 535 1677 Plauto
572 1611 766 1678 creberrime
793 1612 969 1691 invenitur,
1002 1613 1048 1678 ita
1075 1634 1245 1678 soccorum
1272 1636 1364 1680 com·

130 1714 351 1780 memorationi
380 1715 503 1802 optima
536 1715 680 1780 defensio
702 1725 817 1802 parata
851 1725 916 1793 est,
951 1715 1038 1799 quod
1074 1737 1189 1781 revera
1222 1717 1363 1784 caculas

130 1818 260 1906 proprio
297 1840 464 1884 soccorum
502 1838 621 1904 genere
653 1838 729 1881 usos
763 1830 833 1880 e'sse
872 1816 990 1881 scimus
1029 1838 1071 1881 ex
1107 1817 1188 1882 llic
1229 1841 1262 1883 v.
1297 1819 1364 1886 'm

131 1921 221 2008 ,quid
254 1943 316 2009 ego
346 1943 430 1986 nnnc
457 1942 564 2006 agam,
595 1918 657 1983 nisi
679 1929 715 1983 ut
737 1971 745 1986 .
768 1971 775 1985 .
799 1965 808 1981 .
830 1971 838 1985 .
860 1917 1033 1984 fulmentas
1054 1918 1182 1984 iubeam
1197 1922 1364 2010 suppingi

131 2023 258 2091 soccis?
296 2076 304 2090 .
340 2071 380 2091 ..
413 2022 509 2088 video
545 2021 690 2086 caculam
728 2019 897 2084 militarem
934 2043 985 2085 me
1021 2022 1166 2088 futurum
1197 2044 1226 2089 e
1257 2044 1294 2108 q.
1325 2035 1363 2090 s.‘

128 2125 268 2210 denique
290 2146 330 2190 ne
346 2124 406 2191 hoc
421 2125 552 2210 quidem
568 2123 807 2212 neglegendum
822 2136 880 2202 est,
895 2125 978 2188 inter
996 2128 1069 2210 quoi
1082 2127 1213 2202 domino,
1233 2125 1361 2214 quibus
1430 2144 1432 2167 ³

130 2227 238 2295 verbis
268 2228 310 2293 ad
342 2228 585 2294 antecedentem
626 2228 911 2314 interrogationem
948 2228 1026 2291 satis
1062 2227 1208 2313 responsi
1246 2228 1361 2309 datur,
1430 2272 1432 2279 ,

130 2342 163 2396 ct
176 2333 253 2418 quid
265 2335 419 2395 somnium
439 2353 524 2396 novo
540 2330 681 2396 ludibrio
697 2333 803 2397 locum
818 2352 950 2416 prorsus
965 2340 1076 2417 aptum
1092 2352 1171 2411 esse,
1194 2332 1361 2416 quoniam

129 2433 162 2498 in
184 2433 246 2498 hac
268 2432 376 2518 lepida
400 2433 610 2498 altercatione
632 2456 744 2499 senum
767 2432 915 2498 convicia
937 2444 970 2496 et
992 2432 1124 2498 caculae
1138 2431 1361 2502 mirabundus

129 2535 396 2622 interrogationes
428 2535 521 2620 quasi
549 2536 742 2623 praecipites
779 2557 813 2600 se
842 2536 992 2621 excipere
1026 2534 1183 2600 videmus.
1241 2535 1360 2626 itaque

130 2637 209 2702 mihi
232 2637 363 2726 quidem
396 2639 443 2702 sic
465 2637 672 2703 statuendum
700 2638 843 2703 videtur:
872 2637 1040 2722 archetypi
1067 2635 1298 2704 Palatinorum
1328 2650 1361 2707 ct

130 2739 341 2804 Ambrosiani
375 2739 483 2804 scriba
515 2751 588 2824 post
620 2738 722 2805 verba
751 2743 828 2828 quid
853 2744 930 2805 socci
954 2741 989 2804 in
1011 2749 1196 2828 sequentem
1220 2762 1360 2809 versum

132 2841 309 2921 aberravit3
332 2865 397 2931 quo
419 2864 493 2908 cum
515 2865 628 2908 versus
650 2842 734 2907 iusto
755 2842 892 2928 longior,
911 2843 1041 2930 qualem
1063 2842 1094 2907 P
1114 2841 1267 2930 religiose
1293 2867 1361 2911 ser·

132 2956 300 3022 vaverunt,
336 2946 505 3023 existeret,
536 2943 746 3010 Ambrosiani
781 2956 940 3011 corrector
968 2958 1069 3010 metro
1107 2943 1222 3010 eodem
1255 2946 1361 3013 modo

132 3046 302 3125 consuluit,
326 3071 390 3136 quo
411 3048 445 3113 in
461 3049 572 3113 codice
586 3047 749 3134 Iripsiensi
766 3047 796 3112 F
811 3057 843 3111 et
865 3047 898 3111 in
915 3047 1054 3113 editione
1069 3046 1217 3133 principe
1230 3048 1363 3116 factum

132 3160 191 3227 est,
213 3149 323 3214 delens
346 3149 498 3215 videlicet
519 3151 595 3237 quid
616 3152 699 3213 socci

216 3252 329 3316 Pseud.
354 3251 416 3317 189
437 3251 478 3317 de
499 3251 716 3317 irmentariis
739 3251 856 3316 dicitur

197 3352 323 3437 Quibus
345 3355 469 3418 cunctis
491 3362 616 3420 montes
638 3354 784 3418 maxumi
807 3355 915 3420 acervi
936 3352 1092 3419 frumenti
1114 3362 1189 3418 sunt
1211 3352 1320 3421 domi.

133 3467 277 3542 apparet,
299 3457 422 3541 opinor,
452 3461 551 3522 acerui
570 3479 640 3522 esse
663 3479 787 3522 merum
813 3457 974 3544 glossema
1001 3456 1043 3520 ad
1071 3468 1183 3520 montes
1205 3465 1365 3538 maeonii,

134 3558 219 3646 quod
242 3570 414 3646 postquam
434 3560 581 3647 proxime
609 3557 718 3625 abhis
733 3558 839 3625 verbis
860 3560 894 3624 in
916 3580 1044 3624 versum
1065 3558 1193 3636 invasit,
1217 3561 1365 3629 verbum

132 3661 319 3748 genuinum,
342 3661 566 3749 quodcumque
581 3661 651 3739 fuit,
674 3661 840 3749 expulit.¹)
877 3684 952 3727 cum
968 3682 1044 3725 vero
1057 3660 1088 3727 P
1103 3659 1189 3724 hunc
1204 3661 1366 3732 ordinem

134 3762 305 3829 verborum
321 3764 530 3841 servaverint,
541 3763 750 3829 Ambrosiani
772 3776 933 3829 corrector
948 3762 1180 3829 vocabulorum
1201 3770 1313 3832 comui
1334 3779 1368 3835 et

127 3868 280 3954 frumeuti
300 3865 372 3930 loca
392 3866 537 3943 mutavit,
558 3875 595 3931 ut
617 3886 745 3930 versum
768 3867 923 3931 efficeret:

197 3965 324 4051 Quibus
340 3967 464 4032 cinctis
488 3981 611 4033 montes
633 3967 778 4032 mdxnmi
798 3967 950 4032 frumenti
974 3965 1082 4030 acervi
1098 3965 1174 4030 sdut
1189 3964 1298 4036 domi.

134 4068 332 4157 Boggius’),
354 4081 390 4134 ut
412 4073 511 4135 aceras·
530 4083 685 4148 servaret,
708 4069 887 4155 proposuit:

222 4310 244 4378 ¹)
260 4306 358 4376 Neque
375 4309 449 4362 enim
466 4309 555 4378 probo
579 4307 728 4362 Ritschelii
751 4307 923 4375 aliorumque
940 4307 1123 4371 coniecturas,
1140 4306 1188 4374 qui
1206 4325 1270 4364 non
1289 4311 1374 4371 intur

134 4397 249 4452 muursns‘
265 4399 295 4448 et
309 4395 435 4464 surrenti
452 4394 500 4448 sed
517 4394 579 4447 aliis
596 4393 666 4448 loeis
684 4409 796 4446 versum
813 4392 924 4460 explere
942 4391 1117 4446 studuerunt.

149 4518 153 4524 .
216 4495 240 4568 ι)
257 4493 292 4548 of,
309 4493 462 4552 momina
482 4493 579 4550 Ptilol.
597 4491 733 4551 XXVIII
750 4493 801 4546 357
818 4508 858 4563 sq.
