3038 5220
743 235 782 299 41

656 327 859 338 ——a--n-n—

149 437 269 502 diserte
292 438 436 502 defendit
456 440 499 507 A.
523 441 715 528 Spengelius
725 440 760 528 ¹),
786 440 932 506 necnon
955 439 1109 507 Goetzius
1138 442 1171 506 in
1194 443 1370 508 novissima

150 540 250 606 Stichi
276 540 415 606 editione
431 541 552 630 ubique
574 543 659 609 hane
680 547 816 609 formam
834 543 951 609 Plauto
973 543 1123 608 reddidit.
1167 554 1263 631 atque
1287 556 1370 630 post·

151 665 247 727 quam
271 643 483 732 Niemeyerus
508 669 539 732 p.
557 647 599 710 46
621 647 685 711 ianr
708 647 949 725 demonstravit,
973 646 1132 734 quomodo
1146 646 1368 713 Palatinorum

152 745 310 830 scriptura
335 746 464 811 defendi
487 749 602 834 possit,
626 771 704 813 sano
733 749 851 814 iudicio
874 749 1077 837 Spengelius,
1100 749 1369 836 quemadmodum

151 837 359 911 Ambrosiani
383 871 495 914 versus
517 863 611 915 natus
633 851 684 930 sit,
708 852 865 939 exposuit.
900 853 1018 916 etenim
1040 851 1096 938 qui
1118 851 1370 917 Ambrosianum

150 951 322 1028 recensuit,
344 975 403 1016 non
424 974 483 1040 pro
505 975 658 1039 responso
681 976 750 1018 esse
774 954 889 1019 voluit:
921 977 985 1039 quo
1007 954 1092 1017 facto
1115 975 1189 1017 cum
1212 957 1368 1019 sententia

149 1053 357 1141 pessumdata
384 1066 482 1133 esset,
512 1057 612 1142 altero
640 1080 698 1121 aon
726 1056 836 1121 addito
859 1069 891 1121 et
914 1053 1019 1121 verbis
1047 1056 1130 1120 inter
1153 1055 1369 1143 colloquentes

150 1169 224 1242 apte
259 1155 436 1221 distributis
470 1158 579 1222 sensui
613 1158 776 1236 subvenit,
815 1160 908 1224 metri
941 1154 1017 1224 uero
1050 1159 1155 1246 gratia
1190 1159 1370 1246 Pamphilus

152 1257 286 1334 invenit,
309 1256 450 1323 Terentii
474 1271 510 1324 ut
532 1261 659 1325 videtur
682 1282 813 1339 memor,
837 1263 892 1346 q'ui
915 1262 977 1326 hoe
998 1262 1126 1327 nomine
1149 1264 1196 1327 uti
1220 1263 1313 1347 solet:

193 1361 285 1427 Sciet.
308 1362 372 1426 624

234 1465 275 1528 P:
300 1464 386 1548 Quid
410 1466 532 1552 igitur?
555 1467 563 1552 ll
586 1467 653 1532 dixi
683 1467 832 1552 equidem
860 1467 894 1530 in
916 1487 1077 1531 carcerem
1100 1468 1173 1532 ires.

149 1568 298 1632 Loewius
343 1570 436 1631 Anat.
471 1570 574 1633 Plact.
614 1593 644 1656 p.
681 1569 757 1633 184:
801 1579 860 1646 ,est
892 1569 946 1633 ille
985 1569 1073 1633 loeus
1112 1569 1157 1655 (in
1196 1570 1243 1655 A)
1281 1570 1370 1633 talis:

146 1651 508 1759 nrxranumuu,
526 1670 580 1736 uu
598 1675 678 1736 aare
692 1672 781 1736 vides
797 1672 918 1736 factum
934 1693 974 1736 ex
992 1673 1082 1746 utut,
1105 1672 1239 1736 tutam
1255 1671 1371 1735 unna
1414 1710 1417 1717 ·

147 1775 244 1860 (quae
273 1789 350 1835 num
380 1772 475 1838 altius
504 1773 674 1857 pertineat,
709 1773 847 1840 obtectio
880 1776 958 1839 facit
991 1785 1027 1838 ut
1053 1774 1191 1839 discerni
1218 1775 1371 1861 nequeat)

148 1875 262 1952 deleta,
285 1878 299 1938 i
319 1875 397 1960 (non
413 1877 438 1959 t)
462 1879 689 1963 supraposita,
712 1880 843 1941 iantes
864 1877 896 1941 in
920 1889 932 1940 t
954 1887 1096 1941 mutata‘
1131 1877 1217 1941 unde
1236 1887 1372 1963 apparet

147 1979 272 2043 scribae
300 1998 358 2061 pro
381 1977 469 2051 dieti,
494 1977 581 2063 quod
606 1978 640 2040 in
668 1977 844 2064 archetypo
875 1979 991 2063 erat⁹)‚
1015 1978 1047 2041 in
1078 1987 1217 2042 mentem
1245 1980 1371 2042 venisse

146 2081 315 2166 vulgarem
338 2081 475 2144 formam
498 2083 616 2158 dicati,
650 2103 756 2145 errore
782 2082 888 2144 autern
915 2080 1023 2143 statim
1051 2082 1276 2145 animadverso
1298 2103 1370 2145 eum

147 2183 269 2247 litteras
293 2183 358 2246 iam
382 2185 518 2269 scriptas
541 2185 622 2247 dinis
643 2183 676 2247 in
699 2182 868 2248 scribendo
891 2182 1068 2247 correxisse
1091 2183 1124 2245 in
1147 2185 1234 2247 deleti.
1273 2206 1370 2267 quam

148 2284 339 2371 scripturam
364 2309 440 2349 sane
472 2286 587 2349 miram
617 2307 694 2350 casu
728 2296 830 2349 ortam
859 2307 928 2349 esse
956 2308 1019 2349 non
1042 2285 1137 2349 facile
1166 2287 1369 2372 persuadeas,

148 2388 317 2452 consilium
340 2400 446 2452 autem
471 2390 497 2452 si
520 2388 651 2452 subesse
675 2388 885 2464 concesseris,
919 2377 1126 2452 Ambrosiani
1153 2388 1370 2453 recensionem

146 2490 202 2554 vix
227 2512 346 2576 negare
369 2491 489 2579 poteris
512 2491 617 2556 redire
640 2491 682 2555 ad
1092 2505 1093 2509 ’

234 2593 322 2678 Quid
344 2594 443 2680 igitur
466 2594 573 2658 dixti?
595 2595 604 2683 ll
626 2593 775 2681 equidem
798 2593 831 2657 in
855 2615 1016 2658 carcerem
1039 2594 1111 2658 ires.
1192 2584 1194 2588 ⁷

147 2718 219 2760 curn
248 2719 325 2762 vero
355 2707 479 2761 constet
505 2697 537 2761 in
569 2695 598 2761 P
627 2718 739 2760 verum
769 2717 853 2773 esse,
889 2717 1029 2782 quanam
1056 2696 1179 2759 ratione
1208 2706 1370 2759 auctorem

146 2799 341 2863 recensionis
358 2798 594 2864 Ambrosianae
617 2798 659 2862 ad
682 2799 770 2861 illam
793 2797 1000 2862 mutationem
1024 2797 1156 2861 ductum
1173 2820 1241 2862 esse
1264 2798 1371 2862 crede·

150 2901 247 2965 mus?
270 2923 365 2985 quam
391 2900 417 2965 si
435 2922 508 2965 eum
530 2900 603 2964 ideo
618 2900 732 2964 fecisse
748 2900 870 2976 dixero,
892 2911 928 2962 ut
944 2899 1186 2983 interrogationi
1202 2899 1371 2986 ellipticae,

147 3025 243 3086 quam
260 3025 423 3080 vocamus,
441 3005 516 3089 quid
527 3001 641 3088 ipitur?
656 3002 790 3066 verbum
806 3003 986 3078 ascisceret,
1002 3003 1136 3065 fortasse
1152 3001 1304 3066 hariolari
1319 3023 1370 3065 me

147 3103 293 3170 censebis
301 3131 310 3183 ;
340 3105 397 3170 sed
420 3106 633 3183 consenseris,
667 3106 795 3191 opinor,
830 3104 856 3168 si
885 3126 925 3168 ex
948 3103 1060 3169 eodem
1089 3104 1220 3170 consilio
1240 3105 1371 3170 alterius

144 3207 209 3272 loci
233 3208 451 3273 recensionem
475 3209 682 3293 repetendam
705 3229 775 3272 esse
798 3206 1071 3271 demonstravero.

146 3386 347 3395 ....-..-.——

234 3503 254 3565 ¹)
272 3500 340 3552 Acta
358 3500 436 3552 acad.
455 3499 562 3552 Monac.
581 3499 649 3553 1888
665 3515 692 3566 p.
711 3499 760 3552 265
778 3515 817 3566 sq.

231 3603 254 3665 ²)
276 3599 365 3652 Video
383 3599 606 3669 praecavendum
624 3616 691 3664 esse,
709 3616 744 3653 ne
762 3599 824 3666 quir
843 3600 874 3652 in
891 3599 1042 3666 archetypo
1060 3598 1243 3651 Ambrosiani
1260 3602 1370 3651 rectum

145 3685 238 3747 fuisse,
265 3685 450 3739 mutationem
474 3688 567 3739 autem
589 3685 667 3737 illam
689 3684 775 3737 solius
798 3683 904 3737 scribae
930 3683 988 3737 aive
1006 3683 1137 3736 andaciae
1156 3682 1214 3736 sive
1233 3682 1371 3736 stultitiae

145 3769 243 3823 deberi
269 3769 355 3823 dicat.
394 3771 639 3836 quotienscumque
666 3769 740 3821 enirn
765 3767 803 3820 ab
827 3768 905 3836 ipso
928 3768 1045 3821 scriba
1068 3767 1255 3820 correctiones
1279 3765 1369 3820 factae

145 3858 218 3919 sunt,
244 3853 273 3906 id
298 3858 408 3908 tantum
431 3853 479 3908 ille
497 3854 563 3923 egit,
585 3857 617 3907 ut
634 3853 727 3908 verbis
745 3851 789 3906 vel
807 3851 919 3917 litteris,
944 3869 1011 3920 quas
1030 3850 1138 3905 incuria
1154 3867 1285 3920 perverse
1303 3852 1369 3904 scri·

147 3942 258 4007 pserat,
277 3938 429 3991 emendatis
446 3938 475 3990 id
492 3938 662 4003 restitueret,
680 3937 755 4004 quod
772 3937 801 3990 in
820 3937 971 4006 archetypo
990 3938 1109 4007 legerat3
1132 3953 1283 4004 numquam
1303 3953 1370 3990 vero

148 4023 322 4076 coniecturas
340 4022 374 4077 de
387 4040 436 4077 ruo
454 4022 568 4092 ingenio
586 4021 690 4076 intulit.
719 4038 808 4091 neque
820 4023 911 4075 minus
929 4023 961 4087 is,
985 4022 1032 4089 qui
1050 4023 1144 4090 ipsum
1157 4021 1369 4090 palimpsestum

147 4123 208 4160 cum
227 4107 336 4173 eodice,
360 4124 394 4160 ex
413 4125 468 4174 quo
491 4107 647 4176 descriptus
664 4111 732 4172 erat,
751 4107 931 4176 comparavit,
954 4111 1083 4160 accurate
1108 4106 1136 4159 id
1155 4110 1273 4171 tantum,
1296 4106 1370 4172 quod

144 4191 175 4243 in
200 4190 249 4243 illo
272 4191 350 4244 fonte
368 4192 497 4256 extabat,
523 4192 671 4245 restituere
694 4192 792 4245 voluit.
827 4192 861 4245 cf.
881 4191 1009 4245 Loewius
1027 4192 1105 4245 Anat.
1124 4193 1214 4245 Plaut.
1239 4191 1275 4243 ad
1297 4191 1369 4244 Trio.

140 4276 204 4330 rte.
224 4277 282 4330 181.
301 4275 351 4330 181
367 4279 405 4345 (p.
424 4275 493 4344 142).
512 4277 578 4330 1050
595 4285 632 4344 tp.
651 4277 723 4345 14b);
747 4293 764 4330 a
787 4294 842 4343 quo
866 4276 1079 4344 distinguendus
1103 4281 1146 4330 est
1163 4276 1292 4330 indoctus
1311 4274 1371 4342 qui·

145 4360 210 4413 dam
235 4363 383 4427 corrector,
411 4360 445 4414 de
468 4377 522 4429 quo
546 4360 674 4414 Loewius
697 4360 824 4429 disputat
845 4378 872 4429 p.
893 4361 948 4416 180.
978 4360 1012 4414 de
1034 4362 1111 4417 Trac.
1131 4361 1178 4417 181
1198 4358 1371 4417 Schoellium

145 4461 202 4499 non
220 4447 296 4500 recte
314 4445 451 4504 iudicasse
468 4444 539 4501 mihi
556 4460 719 4514 persuasum
736 4448 787 4502 est.
