<?xml version="1.0" encoding="UTF-8"?>
<!DOCTYPE html PUBLIC "-//W3C//DTD XHTML 1.0 Transitional//EN"
    "http://www.w3.org/TR/xhtml1/DTD/xhtml1-transitional.dtd">
<html xmlns="http://www.w3.org/1999/xhtml" xml:lang="en" lang="en">
 <head>
  <title>
</title>
<meta http-equiv="Content-Type" content="text/html;charset=utf-8" />
  <meta name='ocr-system' content='tesseract 3.04.00' />
  <meta name='ocr-capabilities' content='ocr_page ocr_carea ocr_par ocr_line ocrx_word'/>
</head>
<body>
  <div class='ocr_page' id='page_1' title='image "./deplautifabular01baiegoog_0107.png"; bbox 0 0 3038 5220; ppageno 0'>
   <div class='ocr_carea' id='block_1_1' title="bbox 729 220 770 289">
    <p class='ocr_par' dir='ltr' id='par_1_1' title="bbox 729 220 770 289">
     <span class='ocr_line' id='line_1_1' title="bbox 729 220 770 289; baseline 0 0"><span class='ocrx_word' id='word_1_1' title='bbox 729 220 770 289; x_wconf 86' lang='grc'><strong>98</strong></span> 
     </span>
    </p>
   </div>
   <div class='ocr_carea' id='block_1_2' title="bbox 649 315 852 326">
    <p class='ocr_par' dir='ltr' id='par_1_2' title="bbox 649 315 852 326">
     <span class='ocr_line' id='line_1_2' title="bbox 649 315 852 326; baseline 0.01 -2"><span class='ocrx_word' id='word_1_2' title='bbox 649 315 852 326; x_wconf 68' lang='lat'><strong>—-—-—-</strong></span> 
     </span>
    </p>
   </div>
   <div class='ocr_carea' id='block_1_3' title="bbox 225 424 1354 514">
    <p class='ocr_par' dir='ltr' id='par_1_3' title="bbox 225 424 1354 514">
     <span class='ocr_line' id='line_1_3' title="bbox 225 424 1354 514; baseline -0.004 -17"><span class='ocrx_word' id='word_1_3' title='bbox 225 424 376 514; x_wconf 74' lang='lat' dir='ltr'><strong>Denique</strong></span> <span class='ocrx_word' id='word_1_4' title='bbox 398 426 563 492; x_wconf 86' lang='lat' dir='ltr'><strong>Beckerus</strong></span> <span class='ocrx_word' id='word_1_5' title='bbox 585 427 619 491; x_wconf 90' lang='lat' dir='ltr'><strong>in</strong></span> <span class='ocrx_word' id='word_1_6' title='bbox 634 427 848 494; x_wconf 86' lang='lat' dir='ltr'><strong>Studemundi</strong></span> <span class='ocrx_word' id='word_1_7' title='bbox 869 430 947 495; x_wconf 82' lang='lat' dir='ltr'><strong>rtnd.</strong></span> <span class='ocrx_word' id='word_1_8' title='bbox 970 427 989 493; x_wconf 96' lang='lat' dir='ltr'>I</span> <span class='ocrx_word' id='word_1_9' title='bbox 1011 451 1043 513; x_wconf 88' lang='lat' dir='ltr'><strong>p.</strong></span> <span class='ocrx_word' id='word_1_10' title='bbox 1068 429 1131 494; x_wconf 75' lang='lat'><strong>215</strong></span> <span class='ocrx_word' id='word_1_11' title='bbox 1152 428 1229 496; x_wconf 88' lang='lat' dir='ltr'><strong>adn.</strong></span> <span class='ocrx_word' id='word_1_12' title='bbox 1245 427 1354 495; x_wconf 83' lang='lat' dir='ltr'><strong>Stude-</strong></span> 
     </span>
    </p>
   </div>
   <div class='ocr_carea' id='block_1_4' title="bbox 140 529 1357 719">
    <p class='ocr_par' dir='ltr' id='par_1_4' title="bbox 140 529 1357 719">
     <span class='ocr_line' id='line_1_4' title="bbox 140 529 1356 608; baseline 0.002 -14"><span class='ocrx_word' id='word_1_13' title='bbox 140 529 295 600; x_wconf 84' lang='lat' dir='ltr'><strong>mundum</strong></span> <span class='ocrx_word' id='word_1_14' title='bbox 319 531 415 594; x_wconf 77' lang='lat' dir='ltr'><strong>refert</strong></span> <span class='ocrx_word' id='word_1_15' title='bbox 437 530 470 593; x_wconf 91' lang='lat' dir='ltr'><strong>in</strong></span> <span class='ocrx_word' id='word_1_16' title='bbox 493 531 603 594; x_wconf 78' lang='lat' dir='ltr'><strong>Pseud.</strong></span> <span class='ocrx_word' id='word_1_17' title='bbox 627 553 657 594; x_wconf 89' lang='lat' dir='ltr'><strong>v.</strong></span> <span class='ocrx_word' id='word_1_18' title='bbox 680 531 743 595; x_wconf 80' lang='grc'><strong>962</strong></span> <span class='ocrx_word' id='word_1_19' title='bbox 767 531 930 595; x_wconf 85' lang='lat' dir='ltr'><strong>diversam</strong></span> <span class='ocrx_word' id='word_1_20' title='bbox 956 531 1177 595; x_wconf 80' lang='lat' dir='ltr'><strong>recensionem</strong></span> <span class='ocrx_word' id='word_1_21' title='bbox 1198 539 1356 608; x_wconf 71' lang='lat' dir='ltr'><strong>statuere,</strong></span> 
     </span>
     <span class='ocr_line' id='line_1_5' title="bbox 140 630 1357 719; baseline 0.004 -24"><span class='ocrx_word' id='word_1_22' title='bbox 140 631 296 718; x_wconf 88' lang='lat' dir='ltr'><strong>praebent</strong></span> <span class='ocrx_word' id='word_1_23' title='bbox 318 633 404 695; x_wconf 91' lang='lat' dir='ltr'><strong>enim</strong></span> <span class='ocrx_word' id='word_1_24' title='bbox 426 631 458 695; x_wconf 99' lang='lat' dir='ltr'>A</span> <span class='ocrx_word' id='word_1_25' title='bbox 481 634 599 708; x_wconf 75' lang='lat' dir='ltr'><strong>incerte,</strong></span> <span class='ocrx_word' id='word_1_26' title='bbox 623 632 651 696; x_wconf 93' lang='lat' dir='ltr'><strong>P</strong></span> <span class='ocrx_word' id='word_1_27' title='bbox 673 636 784 697; x_wconf 85' lang='lat' dir='ltr'><strong>incerto</strong></span> <span class='ocrx_word' id='word_1_28' title='bbox 813 655 886 697; x_wconf 89' lang='lat' dir='ltr'><strong>oum</strong></span> <span class='ocrx_word' id='word_1_29' title='bbox 916 632 967 696; x_wconf 89' lang='lat' dir='ltr'><strong>hic</strong></span> <span class='ocrx_word' id='word_1_30' title='bbox 995 646 1062 699; x_wconf 88' lang='lat' dir='ltr'><strong>tum</strong></span> <span class='ocrx_word' id='word_1_31' title='bbox 1086 633 1182 719; x_wconf 78' lang='lat' dir='ltr'><strong>Epid-</strong></span> <span class='ocrx_word' id='word_1_32' title='bbox 1205 633 1281 700; x_wconf 63' lang='lat'><strong>545.</strong></span> <span class='ocrx_word' id='word_1_33' title='bbox 1303 630 1357 699; x_wconf 78' lang='lat' dir='ltr'><strong>sed</strong></span> 
     </span>
    </p>
   </div>
   <div class='ocr_carea' id='block_1_5' title="bbox 34 733 1357 822">
    <p class='ocr_par' dir='ltr' id='par_1_5' title="bbox 34 733 1357 822">
     <span class='ocr_line' id='line_1_6' title="bbox 34 733 1357 822; baseline 0.005 -25"><span class='ocrx_word' id='word_1_34' title='bbox 34 744 43 765; x_wconf 88' lang='grc'><em>·</em></span> <span class='ocrx_word' id='word_1_35' title='bbox 141 755 204 797; x_wconf 92' lang='lat' dir='ltr'><strong>non</strong></span> <span class='ocrx_word' id='word_1_36' title='bbox 221 745 372 797; x_wconf 89' lang='lat' dir='ltr'><strong>constans</strong></span> <span class='ocrx_word' id='word_1_37' title='bbox 394 747 442 799; x_wconf 89' lang='lat' dir='ltr'><strong>est</strong></span> <span class='ocrx_word' id='word_1_38' title='bbox 456 733 536 798; x_wconf 86' lang='lat' dir='ltr'><strong>haec</strong></span> <span class='ocrx_word' id='word_1_39' title='bbox 554 734 771 820; x_wconf 82' lang='lat' dir='ltr'><strong>discrepantia</strong></span> <span class='ocrx_word' id='word_1_40' title='bbox 788 735 1024 813; x_wconf 83' lang='lat' dir='ltr'><strong>r·ecensionun1;</strong></span> <span class='ocrx_word' id='word_1_41' title='bbox 1046 759 1121 801; x_wconf 81' lang='lat' dir='ltr'><strong>nam</strong></span> <span class='ocrx_word' id='word_1_42' title='bbox 1136 737 1236 822; x_wconf 73' lang='lat' dir='ltr'><strong>Epic.</strong></span> <span class='ocrx_word' id='word_1_43' title='bbox 1253 759 1284 807; x_wconf 85' lang='lat' dir='ltr'><strong>v.</strong></span> <span class='ocrx_word' id='word_1_44' title='bbox 1298 735 1357 803; x_wconf 71' lang='lat'><strong>505</strong></span> 
     </span>
    </p>
   </div>
   <div class='ocr_carea' id='block_1_6' title="bbox 137 833 1361 4505">
    <p class='ocr_par' dir='ltr' id='par_1_6' title="bbox 138 833 1361 2549">
     <span class='ocr_line' id='line_1_7' title="bbox 140 833 1356 927; baseline 0.002 -27"><span class='ocrx_word' id='word_1_45' title='bbox 140 835 171 901; x_wconf 93' lang='lat' dir='ltr'>B</span> <span class='ocrx_word' id='word_1_46' title='bbox 187 858 264 900; x_wconf 89' lang='lat' dir='ltr'><strong>sane</strong></span> <span class='ocrx_word' id='word_1_47' title='bbox 274 839 384 899; x_wconf 82' lang='lat' dir='ltr'><strong>incerto</strong></span> <span class='ocrx_word' id='word_1_48' title='bbox 400 833 542 912; x_wconf 85' lang='lat' dir='ltr'><strong>exhibet,</strong></span> <span class='ocrx_word' id='word_1_49' title='bbox 553 836 611 900; x_wconf 91' lang='lat' dir='ltr'><strong>sed</strong></span> <span class='ocrx_word' id='word_1_50' title='bbox 623 836 647 900; x_wconf 89' lang='lat' dir='ltr'><strong>J</strong></span> <span class='ocrx_word' id='word_1_51' title='bbox 661 858 732 901; x_wconf 89' lang='lat' dir='ltr'><strong>cum</strong></span> <span class='ocrx_word' id='word_1_52' title='bbox 749 837 783 902; x_wconf 90' lang='lat' dir='ltr'>A</span> <span class='ocrx_word' id='word_1_53' title='bbox 794 841 903 901; x_wconf 79' lang='lat' dir='ltr'><strong>incerte</strong></span> <span class='ocrx_word' id='word_1_54' title='bbox 920 837 1038 903; x_wconf 90' lang='lat' dir='ltr'><strong>habere</strong></span> <span class='ocrx_word' id='word_1_55' title='bbox 1055 839 1189 919; x_wconf 87' lang='lat' dir='ltr'><strong>videtur,</strong></span> <span class='ocrx_word' id='word_1_56' title='bbox 1206 840 1356 927; x_wconf 90' lang='lat' dir='ltr'><strong>quoniam</strong></span> 
     </span>
     <span class='ocr_line' id='line_1_8' title="bbox 140 936 1357 1025; baseline 0.005 -24"><span class='ocrx_word' id='word_1_57' title='bbox 140 938 180 1002; x_wconf 94' lang='lat' dir='ltr'><strong>de</strong></span> <span class='ocrx_word' id='word_1_58' title='bbox 209 959 248 1001; x_wconf 90' lang='lat' dir='ltr'><strong>eo</strong></span> <span class='ocrx_word' id='word_1_59' title='bbox 277 936 432 1004; x_wconf 82' lang='lat' dir='ltr'><strong>Goetzius</strong></span> <span class='ocrx_word' id='word_1_60' title='bbox 458 950 561 1015; x_wconf 84' lang='lat' dir='ltr'><strong>tacet3</strong></span> <span class='ocrx_word' id='word_1_61' title='bbox 597 938 689 1002; x_wconf 73' lang='lat' dir='ltr'><strong>deu</strong></span> <span class='ocrx_word' id='word_1_62' title='bbox 718 939 750 1002; x_wconf 95' lang='lat' dir='ltr'><strong>in</strong></span> <span class='ocrx_word' id='word_1_63' title='bbox 777 941 969 1025; x_wconf 78' lang='lat' dir='ltr'><strong>praefatione</strong></span> <span class='ocrx_word' id='word_1_64' title='bbox 1001 940 1185 1004; x_wconf 79' lang='lat' dir='ltr'><strong>Curculionis</strong></span> <span class='ocrx_word' id='word_1_65' title='bbox 1213 962 1247 1025; x_wconf 88' lang='lat' dir='ltr'><strong>p.</strong></span> <span class='ocrx_word' id='word_1_66' title='bbox 1270 939 1357 1007; x_wconf 89' lang='lat' dir='ltr'><strong>XIV</strong></span> 
     </span>
     <span class='ocr_line' id='line_1_9' title="bbox 140 1040 1358 1127; baseline 0.002 -23"><span class='ocrx_word' id='word_1_67' title='bbox 140 1041 287 1105; x_wconf 89' lang='lat' dir='ltr'><strong>adnotat:</strong></span> <span class='ocrx_word' id='word_1_68' title='bbox 310 1040 409 1121; x_wconf 91' lang='lat' dir='ltr'><strong>„dum</strong></span> <span class='ocrx_word' id='word_1_69' title='bbox 434 1044 554 1104; x_wconf 84' lang='lat' dir='ltr'><strong>incerte</strong></span> <span class='ocrx_word' id='word_1_70' title='bbox 576 1041 609 1127; x_wconf 83' lang='lat' dir='ltr'><strong>(e</strong></span> <span class='ocrx_word' id='word_1_71' title='bbox 626 1053 704 1126; x_wconf 81' lang='lat' dir='ltr'><strong>port.</strong></span> <span class='ocrx_word' id='word_1_72' title='bbox 727 1063 763 1104; x_wconf 78' lang='lat' dir='ltr'><strong>aa</strong></span> <span class='ocrx_word' id='word_1_73' title='bbox 784 1063 804 1105; x_wconf 95' lang='lat' dir='ltr'><strong>o</strong></span> <span class='ocrx_word' id='word_1_74' title='bbox 825 1065 866 1108; x_wconf 88' lang='lat' dir='ltr'><strong>m.</strong></span> <span class='ocrx_word' id='word_1_75' title='bbox 889 1045 954 1126; x_wconf 78' lang='lat'><strong>3)“.</strong></span> <span class='ocrx_word' id='word_1_76' title='bbox 1004 1042 1076 1109; x_wconf 87' lang='lat' dir='ltr'><strong>illas</strong></span> <span class='ocrx_word' id='word_1_77' title='bbox 1099 1041 1303 1107; x_wconf 73' lang='lat' dir='ltr'><strong>diversitates</strong></span> <span class='ocrx_word' id='word_1_78' title='bbox 1324 1052 1358 1107; x_wconf 87' lang='lat' dir='ltr'><strong>nt</strong></span> 
     </span>
     <span class='ocr_line' id='line_1_10' title="bbox 138 1141 1358 1233; baseline 0.002 -26"><span class='ocrx_word' id='word_1_79' title='bbox 138 1165 197 1231; x_wconf 90' lang='lat' dir='ltr'><strong>per</strong></span> <span class='ocrx_word' id='word_1_80' title='bbox 218 1143 412 1207; x_wconf 87' lang='lat' dir='ltr'><strong>recensionis</strong></span> <span class='ocrx_word' id='word_1_81' title='bbox 434 1141 635 1207; x_wconf 77' lang='lat' dir='ltr'><strong>occasionem</strong></span> <span class='ocrx_word' id='word_1_82' title='bbox 659 1156 751 1207; x_wconf 92' lang='lat' dir='ltr'><strong>natas</strong></span> <span class='ocrx_word' id='word_1_83' title='bbox 774 1165 843 1208; x_wconf 88' lang='lat' dir='ltr'><strong>esse</strong></span> <span class='ocrx_word' id='word_1_84' title='bbox 866 1144 1088 1225; x_wconf 84' lang='lat' dir='ltr'><strong>concedamus,</strong></span> <span class='ocrx_word' id='word_1_85' title='bbox 1111 1144 1177 1207; x_wconf 88' lang='lat' dir='ltr'><strong>iam</strong></span> <span class='ocrx_word' id='word_1_86' title='bbox 1192 1147 1358 1233; x_wconf 89' lang='lat' dir='ltr'><strong>quaeritur</strong></span> 
     </span>
     <span class='ocr_line' id='line_1_11' title="bbox 139 1245 1358 1333; baseline -0.001 -21"><span class='ocrx_word' id='word_1_87' title='bbox 139 1260 210 1315; x_wconf 87' lang='lat' dir='ltr'><strong>utra</strong></span> <span class='ocrx_word' id='word_1_88' title='bbox 233 1247 391 1333; x_wconf 89' lang='lat' dir='ltr'><strong>scriptura</strong></span> <span class='ocrx_word' id='word_1_89' title='bbox 413 1246 554 1331; x_wconf 88' lang='lat' dir='ltr'><strong>genuina</strong></span> <span class='ocrx_word' id='word_1_90' title='bbox 576 1245 628 1309; x_wconf 91' lang='lat' dir='ltr'><strong>sit.</strong></span> <span class='ocrx_word' id='word_1_91' title='bbox 653 1256 751 1330; x_wconf 88' lang='lat' dir='ltr'><strong>atque</strong></span> <span class='ocrx_word' id='word_1_92' title='bbox 774 1256 936 1333; x_wconf 87' lang='lat' dir='ltr'><strong>cumpost</strong></span> <span class='ocrx_word' id='word_1_93' title='bbox 957 1245 1106 1331; x_wconf 83' lang='lat' dir='ltr'><strong>Langeni</strong></span> <span class='ocrx_word' id='word_1_94' title='bbox 1122 1245 1275 1311; x_wconf 91' lang='lat' dir='ltr'><strong>subtilem</strong></span> <span class='ocrx_word' id='word_1_95' title='bbox 1298 1245 1358 1311; x_wconf 79' lang='lat' dir='ltr'><strong>dis</strong></span> 
     </span>
     <span class='ocr_line' id='line_1_12' title="bbox 139 1346 1359 1435; baseline 0 -21"><span class='ocrx_word' id='word_1_96' title='bbox 139 1353 338 1435; x_wconf 88' lang='lat' dir='ltr'><strong>putationem</strong></span> <span class='ocrx_word' id='word_1_97' title='bbox 357 1350 469 1435; x_wconf 84' lang='lat' dir='ltr'><strong>(Beitr.</strong></span> <span class='ocrx_word' id='word_1_98' title='bbox 481 1371 512 1433; x_wconf 92' lang='lat' dir='ltr'><strong>p.</strong></span> <span class='ocrx_word' id='word_1_99' title='bbox 525 1349 666 1432; x_wconf 78' lang='lat'>22-31)</span> <span class='ocrx_word' id='word_1_100' title='bbox 682 1347 835 1413; x_wconf 87' lang='lat' dir='ltr'><strong>Plautum</strong></span> <span class='ocrx_word' id='word_1_101' title='bbox 853 1358 928 1412; x_wconf 84' lang='lat' dir='ltr'><strong>ante</strong></span> <span class='ocrx_word' id='word_1_102' title='bbox 944 1346 1077 1414; x_wconf 90' lang='lat' dir='ltr'><strong>verbum</strong></span> <span class='ocrx_word' id='word_1_103' title='bbox 1093 1347 1217 1413; x_wconf 91' lang='lat' dir='ltr'><strong>sciendi</strong></span> <span class='ocrx_word' id='word_1_104' title='bbox 1232 1370 1359 1435; x_wconf 87' lang='lat' dir='ltr'><strong>semper</strong></span> 
     </span>
     <span class='ocr_line' id='line_1_13' title="bbox 138 1450 1359 1538; baseline 0.001 -23"><span class='ocrx_word' id='word_1_105' title='bbox 138 1465 217 1516; x_wconf 84' lang='lat' dir='ltr'><strong>certo</strong></span> <span class='ocrx_word' id='word_1_106' title='bbox 240 1450 393 1516; x_wconf 92' lang='lat' dir='ltr'><strong>adverbio</strong></span> <span class='ocrx_word' id='word_1_107' title='bbox 420 1473 515 1515; x_wconf 89' lang='lat' dir='ltr'><strong>nsum</strong></span> <span class='ocrx_word' id='word_1_108' title='bbox 538 1472 606 1514; x_wconf 88' lang='lat' dir='ltr'><strong>esse</strong></span> <span class='ocrx_word' id='word_1_109' title='bbox 629 1450 827 1515; x_wconf 84' lang='lat' dir='ltr'><strong>dubitatione</strong></span> <span class='ocrx_word' id='word_1_110' title='bbox 857 1461 1043 1538; x_wconf 85' lang='lat' dir='ltr'><strong>exemptum</strong></span> <span class='ocrx_word' id='word_1_111' title='bbox 1071 1453 1128 1527; x_wconf 91' lang='lat' dir='ltr'><strong>sit,</strong></span> <span class='ocrx_word' id='word_1_112' title='bbox 1159 1451 1254 1516; x_wconf 86' lang='lat' dir='ltr'><strong>facile</strong></span> <span class='ocrx_word' id='word_1_113' title='bbox 1284 1452 1359 1516; x_wconf 91' lang='lat' dir='ltr'><strong>inde</strong></span> 
     </span>
     <span class='ocr_line' id='line_1_14' title="bbox 139 1551 1359 1641; baseline 0.001 -23"><span class='ocrx_word' id='word_1_114' title='bbox 139 1554 211 1641; x_wconf 88' lang='lat' dir='ltr'><strong>quis</strong></span> <span class='ocrx_word' id='word_1_115' title='bbox 239 1553 370 1640; x_wconf 85' lang='lat' dir='ltr'><strong>colligat</strong></span> <span class='ocrx_word' id='word_1_116' title='bbox 399 1551 484 1616; x_wconf 92' lang='lat' dir='ltr'><strong>idem</strong></span> <span class='ocrx_word' id='word_1_117' title='bbox 516 1552 556 1616; x_wconf 91' lang='lat' dir='ltr'><strong>ad</strong></span> <span class='ocrx_word' id='word_1_118' title='bbox 579 1556 689 1616; x_wconf 83' lang='lat' dir='ltr'><strong>incerto</strong></span> <span class='ocrx_word' id='word_1_119' title='bbox 715 1556 883 1638; x_wconf 90' lang='lat' dir='ltr'><strong>pertinere.</strong></span> <span class='ocrx_word' id='word_1_120' title='bbox 927 1554 972 1618; x_wconf 89' lang='lat' dir='ltr'><strong>sic</strong></span> <span class='ocrx_word' id='word_1_121' title='bbox 1005 1555 1061 1638; x_wconf 92' lang='lat' dir='ltr'><strong>qui</strong></span> <span class='ocrx_word' id='word_1_122' title='bbox 1091 1552 1215 1618; x_wconf 88' lang='lat' dir='ltr'><strong>iudicat</strong></span> <span class='ocrx_word' id='word_1_123' title='bbox 1245 1554 1359 1638; x_wconf 79' lang='lat' dir='ltr'><strong>proba</strong></span> 
     </span>
     <span class='ocr_line' id='line_1_15' title="bbox 143 1655 1360 1743; baseline 0.001 -23"><span class='ocrx_word' id='word_1_124' title='bbox 143 1655 303 1720; x_wconf 90' lang='lat' dir='ltr'><strong>bilitatem</strong></span> <span class='ocrx_word' id='word_1_125' title='bbox 319 1676 397 1719; x_wconf 88' lang='lat' dir='ltr'><strong>sane</strong></span> <span class='ocrx_word' id='word_1_126' title='bbox 412 1663 563 1730; x_wconf 90' lang='lat' dir='ltr'><strong>sectatur,</strong></span> <span class='ocrx_word' id='word_1_127' title='bbox 585 1655 641 1717; x_wconf 91' lang='lat' dir='ltr'><strong>sed</strong></span> <span class='ocrx_word' id='word_1_128' title='bbox 658 1665 780 1719; x_wconf 90' lang='lat' dir='ltr'><strong>certum</strong></span> <span class='ocrx_word' id='word_1_129' title='bbox 796 1655 950 1720; x_wconf 90' lang='lat' dir='ltr'><strong>iudicium</strong></span> <span class='ocrx_word' id='word_1_130' title='bbox 967 1655 1021 1718; x_wconf 84' lang='lat' dir='ltr'><strong>vix</strong></span> <span class='ocrx_word' id='word_1_131' title='bbox 1039 1676 1259 1743; x_wconf 88' lang='lat' dir='ltr'><strong>assequemur,</strong></span> <span class='ocrx_word' id='word_1_132' title='bbox 1283 1656 1360 1741; x_wconf 86' lang='lat' dir='ltr'><strong>quia</strong></span> 
     </span>
     <span class='ocr_line' id='line_1_16' title="bbox 138 1746 1360 1853; baseline 0 -32"><span class='ocrx_word' id='word_1_133' title='bbox 138 1770 267 1853; x_wconf 87' lang='lat' dir='ltr'><strong>praeter</strong></span> <span class='ocrx_word' id='word_1_134' title='bbox 294 1757 375 1821; x_wconf 91' lang='lat' dir='ltr'><strong>haec</strong></span> <span class='ocrx_word' id='word_1_135' title='bbox 403 1757 465 1820; x_wconf 92' lang='lat' dir='ltr'><strong>tria</strong></span> <span class='ocrx_word' id='word_1_136' title='bbox 493 1756 641 1843; x_wconf 85' lang='lat' dir='ltr'><strong>exempla</strong></span> <span class='ocrx_word' id='word_1_137' title='bbox 669 1756 793 1821; x_wconf 90' lang='lat' dir='ltr'><strong>nullum</strong></span> <span class='ocrx_word' id='word_1_138' title='bbox 822 1768 929 1835; x_wconf 86' lang='lat' dir='ltr'><strong>extat,</strong></span> <span class='ocrx_word' id='word_1_139' title='bbox 963 1757 1049 1820; x_wconf 90' lang='lat' dir='ltr'><strong>unde</strong></span> <span class='ocrx_word' id='word_1_140' title='bbox 1080 1756 1176 1822; x_wconf 91' lang='lat' dir='ltr'><strong>huius</strong></span> <span class='ocrx_word' id='word_1_141' title='bbox 1211 1746 1360 1822; x_wconf 88' lang='lat' dir='ltr'><strong>adverbii</strong></span> 
     </span>
     <span class='ocr_line' id='line_1_17' title="bbox 138 1858 1360 1944; baseline -0.001 -19"><span class='ocrx_word' id='word_1_142' title='bbox 138 1883 232 1926; x_wconf 89' lang='lat' dir='ltr'><strong>usum</strong></span> <span class='ocrx_word' id='word_1_143' title='bbox 254 1858 440 1924; x_wconf 86' lang='lat' dir='ltr'><strong>Plautinum</strong></span> <span class='ocrx_word' id='word_1_144' title='bbox 469 1880 663 1943; x_wconf 86' lang='lat' dir='ltr'><strong>cognoscere</strong></span> <span class='ocrx_word' id='word_1_145' title='bbox 686 1860 854 1944; x_wconf 89' lang='lat' dir='ltr'><strong>possimus.</strong></span> <span class='ocrx_word' id='word_1_146' title='bbox 898 1859 977 1924; x_wconf 93' lang='lat' dir='ltr'><strong>illud</strong></span> <span class='ocrx_word' id='word_1_147' title='bbox 1002 1880 1077 1922; x_wconf 88' lang='lat' dir='ltr'><strong>vero</strong></span> <span class='ocrx_word' id='word_1_148' title='bbox 1098 1858 1194 1922; x_wconf 89' lang='lat' dir='ltr'><strong>liceat</strong></span> <span class='ocrx_word' id='word_1_149' title='bbox 1217 1881 1360 1935; x_wconf 85' lang='lat' dir='ltr'><strong>monere,</strong></span> 
     </span>
     <span class='ocr_line' id='line_1_18' title="bbox 139 1960 1360 2049; baseline 0.002 -23"><span class='ocrx_word' id='word_1_150' title='bbox 139 1963 233 2027; x_wconf 90' lang='lat' dir='ltr'><strong>etiam</strong></span> <span class='ocrx_word' id='word_1_151' title='bbox 257 1963 290 2026; x_wconf 93' lang='lat' dir='ltr'><strong>in</strong></span> <span class='ocrx_word' id='word_1_152' title='bbox 314 1963 425 2026; x_wconf 84' lang='lat' dir='ltr'><strong>formis</strong></span> <span class='ocrx_word' id='word_1_153' title='bbox 448 1972 524 2025; x_wconf 88' lang='lat' dir='ltr'><strong>certe</strong></span> <span class='ocrx_word' id='word_1_154' title='bbox 545 1972 577 2024; x_wconf 94' lang='lat' dir='ltr'><strong>et</strong></span> <span class='ocrx_word' id='word_1_155' title='bbox 600 1972 677 2024; x_wconf 88' lang='lat' dir='ltr'><strong>certo</strong></span> <span class='ocrx_word' id='word_1_156' title='bbox 698 1960 732 2024; x_wconf 88' lang='lat' dir='ltr'>A</span> <span class='ocrx_word' id='word_1_157' title='bbox 757 1972 788 2024; x_wconf 91' lang='lat' dir='ltr'><strong>et</strong></span> <span class='ocrx_word' id='word_1_158' title='bbox 802 1961 831 2025; x_wconf 92' lang='lat' dir='ltr'>P</span> <span class='ocrx_word' id='word_1_159' title='bbox 847 1961 968 2026; x_wconf 90' lang='lat' dir='ltr'><strong>distare</strong></span> <span class='ocrx_word' id='word_1_160' title='bbox 991 1961 1040 2024; x_wconf 92' lang='lat' dir='ltr'><strong>his</strong></span> <span class='ocrx_word' id='word_1_161' title='bbox 1063 1961 1142 2025; x_wconf 89' lang='lat' dir='ltr'><strong>locis</strong></span> <span class='ocrx_word' id='word_1_162' title='bbox 1165 1960 1360 2049; x_wconf 74' lang='lat' dir='ltr'><strong>aIrangeno</strong></span> 
     </span>
     <span class='ocr_line' id='line_1_19' title="bbox 138 2062 1361 2151; baseline -0.001 -22"><span class='ocrx_word' id='word_1_163' title='bbox 138 2065 262 2129; x_wconf 89' lang='lat' dir='ltr'><strong>allatis:</strong></span> <span class='ocrx_word' id='word_1_164' title='bbox 291 2065 360 2128; x_wconf 84' lang='lat' dir='ltr'><strong>Mil.</strong></span> <span class='ocrx_word' id='word_1_165' title='bbox 383 2065 458 2148; x_wconf 71' lang='lat' dir='ltr'><strong>qtn.</strong></span> <span class='ocrx_word' id='word_1_166' title='bbox 481 2064 544 2129; x_wconf 84' lang='lat'><strong>379</strong></span> <span class='ocrx_word' id='word_1_167' title='bbox 573 2074 648 2127; x_wconf 89' lang='lat' dir='ltr'><strong>certe</strong></span> <span class='ocrx_word' id='word_1_168' title='bbox 670 2074 697 2125; x_wconf 90' lang='lat' dir='ltr'><strong>te</strong></span> <span class='ocrx_word' id='word_1_169' title='bbox 718 2065 784 2126; x_wconf 84' lang='lat' dir='ltr'><strong>cidi</strong></span> <span class='ocrx_word' id='word_1_170' title='bbox 803 2063 847 2141; x_wconf 87' lang='lat' dir='ltr'><strong>A,</strong></span> <span class='ocrx_word' id='word_1_171' title='bbox 870 2075 947 2127; x_wconf 86' lang='lat' dir='ltr'><strong>certo</strong></span> <span class='ocrx_word' id='word_1_172' title='bbox 967 2062 1006 2141; x_wconf 91' lang='lat' dir='ltr'><strong>P,</strong></span> <span class='ocrx_word' id='word_1_173' title='bbox 1036 2074 1207 2151; x_wconf 92' lang='lat' dir='ltr'><strong>utrumque</strong></span> <span class='ocrx_word' id='word_1_174' title='bbox 1237 2064 1361 2130; x_wconf 88' lang='lat' dir='ltr'><strong>Plauti-</strong></span> 
     </span>
     <span class='ocr_line' id='line_1_20' title="bbox 138 2164 1360 2253; baseline 0.002 -22"><span class='ocrx_word' id='word_1_175' title='bbox 138 2190 230 2244; x_wconf 85' lang='lat' dir='ltr'><strong>num3</strong></span> <span class='ocrx_word' id='word_1_176' title='bbox 253 2168 365 2230; x_wconf 81' lang='lat' dir='ltr'><strong>Prend.</strong></span> <span class='ocrx_word' id='word_1_177' title='bbox 384 2166 442 2230; x_wconf 85' lang='lat'><strong>361</strong></span> <span class='ocrx_word' id='word_1_178' title='bbox 469 2177 547 2229; x_wconf 87' lang='lat' dir='ltr'><strong>certo</strong></span> <span class='ocrx_word' id='word_1_179' title='bbox 561 2164 595 2228; x_wconf 91' lang='lat' dir='ltr'>A</span> <span class='ocrx_word' id='word_1_180' title='bbox 618 2175 715 2242; x_wconf 86' lang='lat' dir='ltr'><strong>recte,</strong></span> <span class='ocrx_word' id='word_1_181' title='bbox 738 2177 814 2228; x_wconf 87' lang='lat' dir='ltr'><strong>certe</strong></span> <span class='ocrx_word' id='word_1_182' title='bbox 834 2165 878 2241; x_wconf 86' lang='lat' dir='ltr'><strong>P3</strong></span> <span class='ocrx_word' id='word_1_183' title='bbox 902 2167 942 2233; x_wconf 87' lang='lat' dir='ltr'><strong>cf.</strong></span> <span class='ocrx_word' id='word_1_184' title='bbox 960 2165 1136 2252; x_wconf 82' lang='lat' dir='ltr'><strong>Langenus</strong></span> <span class='ocrx_word' id='word_1_185' title='bbox 1160 2167 1179 2231; x_wconf 90' lang='lat' dir='ltr'><strong>l.</strong></span> <span class='ocrx_word' id='word_1_186' title='bbox 1202 2188 1230 2237; x_wconf 91' lang='lat' dir='ltr'><strong>c.</strong></span> <span class='ocrx_word' id='word_1_187' title='bbox 1253 2191 1287 2253; x_wconf 91' lang='lat' dir='ltr'><strong>p.</strong></span> <span class='ocrx_word' id='word_1_188' title='bbox 1301 2167 1360 2246; x_wconf 84' lang='lat'><strong>30;</strong></span> 
     </span>
     <span class='ocr_line' id='line_1_21' title="bbox 144 2265 1360 2348; baseline 0.002 -15"><span class='ocrx_word' id='word_1_189' title='bbox 144 2271 226 2333; x_wconf 77' lang='lat' dir='ltr'><strong>Tria</strong></span> <span class='ocrx_word' id='word_1_190' title='bbox 250 2269 312 2334; x_wconf 75' lang='lat'><strong>752</strong></span> <span class='ocrx_word' id='word_1_191' title='bbox 335 2281 412 2332; x_wconf 85' lang='lat' dir='ltr'><strong>certo</strong></span> <span class='ocrx_word' id='word_1_192' title='bbox 427 2267 498 2344; x_wconf 91' lang='lat' dir='ltr'><strong>AB,</strong></span> <span class='ocrx_word' id='word_1_193' title='bbox 521 2278 596 2330; x_wconf 88' lang='lat' dir='ltr'><strong>certe</strong></span> <span class='ocrx_word' id='word_1_194' title='bbox 618 2265 693 2344; x_wconf 85' lang='lat' dir='ltr'><strong>OD3</strong></span> <span class='ocrx_word' id='word_1_195' title='bbox 724 2268 817 2331; x_wconf 88' lang='lat' dir='ltr'><strong>Merc.</strong></span> <span class='ocrx_word' id='word_1_196' title='bbox 840 2271 904 2334; x_wconf 83' lang='lat'><strong>444</strong></span> <span class='ocrx_word' id='word_1_197' title='bbox 926 2268 1045 2332; x_wconf 85' lang='lat' dir='ltr'><strong>certeB</strong></span> <span class='ocrx_word' id='word_1_198' title='bbox 1067 2276 1164 2343; x_wconf 90' lang='lat' dir='ltr'><strong>recte,</strong></span> <span class='ocrx_word' id='word_1_199' title='bbox 1188 2281 1268 2333; x_wconf 88' lang='lat' dir='ltr'><strong>certo</strong></span> <span class='ocrx_word' id='word_1_200' title='bbox 1283 2269 1360 2348; x_wconf 78' lang='lat' dir='ltr'><strong>CD3</strong></span> 
     </span>
     <span class='ocr_line' id='line_1_22' title="bbox 140 2368 1361 2456; baseline 0.002 -20"><span class='ocrx_word' id='word_1_201' title='bbox 140 2373 256 2437; x_wconf 76' lang='lat' dir='ltr'><strong>Bacch.</strong></span> <span class='ocrx_word' id='word_1_202' title='bbox 272 2372 335 2456; x_wconf 75' lang='lat'><strong>254</strong></span> <span class='ocrx_word' id='word_1_203' title='bbox 358 2384 435 2435; x_wconf 89' lang='lat' dir='ltr'><strong>certo</strong></span> <span class='ocrx_word' id='word_1_204' title='bbox 449 2375 508 2435; x_wconf 84' lang='lat' dir='ltr'><strong>scio</strong></span> <span class='ocrx_word' id='word_1_205' title='bbox 527 2369 552 2432; x_wconf 90' lang='lat' dir='ltr'><strong>B</strong></span> <span class='ocrx_word' id='word_1_206' title='bbox 573 2379 668 2446; x_wconf 88' lang='lat' dir='ltr'><strong>recte,</strong></span> <span class='ocrx_word' id='word_1_207' title='bbox 692 2380 768 2432; x_wconf 87' lang='lat' dir='ltr'><strong>certe</strong></span> <span class='ocrx_word' id='word_1_208' title='bbox 784 2368 853 2434; x_wconf 86' lang='lat' dir='ltr'><strong>OD.</strong></span> <span class='ocrx_word' id='word_1_209' title='bbox 882 2370 974 2437; x_wconf 87' lang='lat' dir='ltr'><strong>Merc.</strong></span> <span class='ocrx_word' id='word_1_210' title='bbox 994 2371 1074 2436; x_wconf 85' lang='lat'>1012</span> <span class='ocrx_word' id='word_1_211' title='bbox 1092 2370 1199 2437; x_wconf 83' lang='lat' dir='ltr'><strong>Certen</strong></span> <span class='ocrx_word' id='word_1_212' title='bbox 1213 2376 1271 2437; x_wconf 81' lang='lat' dir='ltr'><strong>acia</strong></span> <span class='ocrx_word' id='word_1_213' title='bbox 1285 2370 1361 2452; x_wconf 90' lang='lat' dir='ltr'><strong>BD,</strong></span> 
     </span>
     <span class='ocr_line' id='line_1_23' title="bbox 139 2471 1009 2549; baseline -0.002 -10"><span class='ocrx_word' id='word_1_214' title='bbox 139 2487 235 2540; x_wconf 85' lang='lat' dir='ltr'><strong>certen</strong></span> <span class='ocrx_word' id='word_1_215' title='bbox 256 2478 312 2538; x_wconf 78' lang='lat' dir='ltr'><strong>acis</strong></span> <span class='ocrx_word' id='word_1_216' title='bbox 334 2473 371 2540; x_wconf 82' lang='lat' dir='ltr'><strong>O.</strong></span> <span class='ocrx_word' id='word_1_217' title='bbox 419 2475 501 2537; x_wconf 82' lang='lat' dir='ltr'><strong>Trin.</strong></span> <span class='ocrx_word' id='word_1_218' title='bbox 526 2471 585 2545; x_wconf 76' lang='lat'><strong>157</strong></span> <span class='ocrx_word' id='word_1_219' title='bbox 608 2484 685 2536; x_wconf 89' lang='lat' dir='ltr'><strong>certo</strong></span> <span class='ocrx_word' id='word_1_220' title='bbox 707 2471 744 2549; x_wconf 91' lang='lat' dir='ltr'><strong>P,</strong></span> <span class='ocrx_word' id='word_1_221' title='bbox 768 2484 843 2536; x_wconf 86' lang='lat' dir='ltr'><strong>certe</strong></span> <span class='ocrx_word' id='word_1_222' title='bbox 867 2472 1009 2543; x_wconf 89' lang='lat' dir='ltr'><strong>Bothius.</strong></span> 
     </span>
    </p>

    <p class='ocr_par' dir='ltr' id='par_1_7' title="bbox 137 2575 1361 3686">
     <span class='ocr_line' id='line_1_24' title="bbox 224 2575 1360 2662; baseline 0.003 -21"><span class='ocrx_word' id='word_1_223' title='bbox 224 2576 340 2642; x_wconf 86' lang='lat' dir='ltr'><strong>Restat</strong></span> <span class='ocrx_word' id='word_1_224' title='bbox 361 2588 397 2642; x_wconf 93' lang='lat' dir='ltr'><strong>ut</strong></span> <span class='ocrx_word' id='word_1_225' title='bbox 419 2577 459 2640; x_wconf 90' lang='lat' dir='ltr'><strong>de</strong></span> <span class='ocrx_word' id='word_1_226' title='bbox 482 2575 618 2639; x_wconf 84' lang='lat' dir='ltr'><strong>formis</strong></span> <span class='ocrx_word' id='word_1_227' title='bbox 641 2575 781 2662; x_wconf 84' lang='lat' dir='ltr'><strong>antiquis</strong></span> <span class='ocrx_word' id='word_1_228' title='bbox 805 2578 838 2639; x_wconf 94' lang='lat' dir='ltr'><strong>in</strong></span> <span class='ocrx_word' id='word_1_229' title='bbox 859 2575 1099 2641; x_wconf 77' lang='lat' dir='ltr'><strong>recessionibus</strong></span> <span class='ocrx_word' id='word_1_230' title='bbox 1122 2579 1260 2643; x_wconf 90' lang='lat' dir='ltr'><strong>servatis</strong></span> <span class='ocrx_word' id='word_1_231' title='bbox 1283 2601 1360 2645; x_wconf 90' lang='lat' dir='ltr'><strong>non·</strong></span> 
     </span>
     <span class='ocr_line' id='line_1_25' title="bbox 137 2677 1359 2768; baseline 0.001 -24"><span class='ocrx_word' id='word_1_232' title='bbox 137 2681 227 2745; x_wconf 89' lang='lat' dir='ltr'><strong>nulla</strong></span> <span class='ocrx_word' id='word_1_233' title='bbox 243 2679 384 2744; x_wconf 87' lang='lat' dir='ltr'><strong>breviter</strong></span> <span class='ocrx_word' id='word_1_234' title='bbox 400 2678 621 2766; x_wconf 84' lang='lat' dir='ltr'><strong>perstringam.</strong></span> <span class='ocrx_word' id='word_1_235' title='bbox 651 2700 725 2743; x_wconf 90' lang='lat' dir='ltr'><strong>nam</strong></span> <span class='ocrx_word' id='word_1_236' title='bbox 741 2678 793 2742; x_wconf 89' lang='lat' dir='ltr'><strong>cui</strong></span> <span class='ocrx_word' id='word_1_237' title='bbox 809 2678 920 2765; x_wconf 89' lang='lat' dir='ltr'><strong>quanti</strong></span> <span class='ocrx_word' id='word_1_238' title='bbox 937 2678 970 2743; x_wconf 91' lang='lat' dir='ltr'><strong>in</strong></span> <span class='ocrx_word' id='word_1_239' title='bbox 985 2677 1082 2744; x_wconf 90' lang='lat' dir='ltr'><strong>rebus</strong></span> <span class='ocrx_word' id='word_1_240' title='bbox 1098 2679 1359 2768; x_wconf 83' lang='lat' dir='ltr'><strong>orthographicis</strong></span> 
     </span>
     <span class='ocr_line' id='line_1_26' title="bbox 137 2780 1360 2869; baseline -0.001 -22"><span class='ocrx_word' id='word_1_241' title='bbox 137 2783 340 2848; x_wconf 89' lang='lat' dir='ltr'><strong>recensiones</strong></span> <span class='ocrx_word' id='word_1_242' title='bbox 374 2780 566 2849; x_wconf 88' lang='lat' dir='ltr'><strong>aestimandi</strong></span> <span class='ocrx_word' id='word_1_243' title='bbox 599 2780 663 2844; x_wconf 93' lang='lat' dir='ltr'><strong>sint</strong></span> <span class='ocrx_word' id='word_1_244' title='bbox 697 2780 916 2869; x_wconf 88' lang='lat' dir='ltr'><strong>quaestionem</strong></span> <span class='ocrx_word' id='word_1_245' title='bbox 943 2782 1101 2868; x_wconf 88' lang='lat' dir='ltr'><strong>integram</strong></span> <span class='ocrx_word' id='word_1_246' title='bbox 1130 2780 1301 2849; x_wconf 87' lang='lat' dir='ltr'><strong>absolvere</strong></span> <span class='ocrx_word' id='word_1_247' title='bbox 1326 2783 1360 2846; x_wconf 89' lang='lat' dir='ltr'><strong>in</strong></span> 
     </span>
     <span class='ocr_line' id='line_1_27' title="bbox 139 2882 1361 2971; baseline 0 -22"><span class='ocrx_word' id='word_1_248' title='bbox 139 2887 246 2950; x_wconf 88' lang='lat' dir='ltr'><strong>animo</strong></span> <span class='ocrx_word' id='word_1_249' title='bbox 259 2896 318 2961; x_wconf 90' lang='lat' dir='ltr'><strong>est,</strong></span> <span class='ocrx_word' id='word_1_250' title='bbox 332 2884 526 2971; x_wconf 88' lang='lat' dir='ltr'><strong>peculiarem</strong></span> <span class='ocrx_word' id='word_1_251' title='bbox 539 2883 568 2946; x_wconf 88' lang='lat' dir='ltr'><strong>ei</strong></span> <span class='ocrx_word' id='word_1_252' title='bbox 580 2895 612 2946; x_wconf 93' lang='lat' dir='ltr'><strong>et</strong></span> <span class='ocrx_word' id='word_1_253' title='bbox 624 2897 673 2946; x_wconf 90' lang='lat' dir='ltr'><strong>sat</strong></span> <span class='ocrx_word' id='word_1_254' title='bbox 685 2882 826 2968; x_wconf 85' lang='lat' dir='ltr'><strong>amplam</strong></span> <span class='ocrx_word' id='word_1_255' title='bbox 839 2883 1139 2948; x_wconf 87' lang='lat' dir='ltr'><strong>commentationem</strong></span> <span class='ocrx_word' id='word_1_256' title='bbox 1151 2883 1361 2949; x_wconf 87' lang='lat' dir='ltr'><strong>scribendam</strong></span> 
     </span>
     <span class='ocr_line' id='line_1_28' title="bbox 140 2983 1361 3074; baseline 0 -22"><span class='ocrx_word' id='word_1_257' title='bbox 140 3009 209 3052; x_wconf 90' lang='lat' dir='ltr'><strong>esse</strong></span> <span class='ocrx_word' id='word_1_258' title='bbox 231 2989 441 3074; x_wconf 88' lang='lat' dir='ltr'><strong>perspexerit,</strong></span> <span class='ocrx_word' id='word_1_259' title='bbox 465 2989 519 3073; x_wconf 91' lang='lat' dir='ltr'><strong>qui</strong></span> <span class='ocrx_word' id='word_1_260' title='bbox 543 3007 570 3049; x_wconf 93' lang='lat' dir='ltr'><strong>e.</strong></span> <span class='ocrx_word' id='word_1_261' title='bbox 594 3007 625 3069; x_wconf 87' lang='lat' dir='ltr'><strong>g.</strong></span> <span class='ocrx_word' id='word_1_262' title='bbox 648 2983 863 3050; x_wconf 82' lang='lat' dir='ltr'><strong>Studemnndi</strong></span> <span class='ocrx_word' id='word_1_263' title='bbox 885 2985 1144 3050; x_wconf 88' lang='lat' dir='ltr'><strong>dissertationem</strong></span> <span class='ocrx_word' id='word_1_264' title='bbox 1166 2986 1361 3071; x_wconf 81' lang='lat' dir='ltr'><strong>admiranda</strong></span> 
     </span>
     <span class='ocr_line' id='line_1_29' title="bbox 139 3087 1361 3176; baseline 0.002 -24"><span class='ocrx_word' id='word_1_265' title='bbox 139 3088 308 3173; x_wconf 87' lang='lat' dir='ltr'><strong>diligentia</strong></span> <span class='ocrx_word' id='word_1_266' title='bbox 330 3089 545 3175; x_wconf 88' lang='lat' dir='ltr'><strong>conscriptam</strong></span> <span class='ocrx_word' id='word_1_267' title='bbox 568 3087 679 3163; x_wconf 81' lang='lat' dir='ltr'><strong>,Ueber</strong></span> <span class='ocrx_word' id='word_1_268' title='bbox 693 3090 766 3150; x_wconf 81' lang='lat' dir='ltr'><strong>zuei</strong></span> <span class='ocrx_word' id='word_1_269' title='bbox 778 3087 1116 3152; x_wconf 84' lang='lat' dir='ltr'><strong>Pcrcllel-Kornoedien</strong></span> <span class='ocrx_word' id='word_1_270' title='bbox 1132 3090 1184 3152; x_wconf 82' lang='lat' dir='ltr'><strong>dea</strong></span> <span class='ocrx_word' id='word_1_271' title='bbox 1199 3088 1361 3176; x_wconf 70' lang='lat' dir='ltr'><strong>Diptttn‘</strong></span> 
     </span>
     <span class='ocr_line' id='line_1_30' title="bbox 138 3190 1361 3277; baseline 0.001 -22"><span class='ocrx_word' id='word_1_272' title='bbox 138 3191 184 3277; x_wconf 82' lang='lat' dir='ltr'><strong>(in</strong></span> <span class='ocrx_word' id='word_1_273' title='bbox 215 3191 378 3254; x_wconf 80' lang='lat' dir='ltr'><strong>Verlnndl.</strong></span> <span class='ocrx_word' id='word_1_274' title='bbox 406 3192 437 3252; x_wconf 89' lang='lat' dir='ltr'><strong>d.</strong></span> <span class='ocrx_word' id='word_1_275' title='bbox 467 3196 517 3253; x_wconf 88' lang='lat'><strong>36.</strong></span> <span class='ocrx_word' id='word_1_276' title='bbox 540 3190 803 3276; x_wconf 72' lang='lat' dir='ltr'><strong>Philolopennerr.)</strong></span> <span class='ocrx_word' id='word_1_277' title='bbox 847 3199 1067 3276; x_wconf 85' lang='lat' dir='ltr'><strong>perscrutatus</strong></span> <span class='ocrx_word' id='word_1_278' title='bbox 1090 3201 1147 3254; x_wconf 88' lang='lat' dir='ltr'><strong>est.</strong></span> <span class='ocrx_word' id='word_1_279' title='bbox 1191 3191 1254 3255; x_wconf 92' lang='lat' dir='ltr'><strong>hoc</strong></span> <span class='ocrx_word' id='word_1_280' title='bbox 1283 3214 1361 3256; x_wconf 83' lang='lat' dir='ltr'><strong>vero</strong></span> 
     </span>
     <span class='ocr_line' id='line_1_31' title="bbox 138 3291 1360 3380; baseline 0.001 -23"><span class='ocrx_word' id='word_1_281' title='bbox 138 3292 334 3379; x_wconf 89' lang='lat' dir='ltr'><strong>contendere</strong></span> <span class='ocrx_word' id='word_1_282' title='bbox 356 3313 449 3378; x_wconf 89' lang='lat' dir='ltr'><strong>posse</strong></span> <span class='ocrx_word' id='word_1_283' title='bbox 471 3291 550 3355; x_wconf 92' lang='lat' dir='ltr'><strong>mihi</strong></span> <span class='ocrx_word' id='word_1_284' title='bbox 573 3291 693 3371; x_wconf 88' lang='lat' dir='ltr'><strong>videor,</strong></span> <span class='ocrx_word' id='word_1_285' title='bbox 716 3291 784 3355; x_wconf 82' lang='lat' dir='ltr'><strong>falli</strong></span> <span class='ocrx_word' id='word_1_286' title='bbox 813 3293 840 3355; x_wconf 93' lang='lat' dir='ltr'><strong>si</strong></span> <span class='ocrx_word' id='word_1_287' title='bbox 864 3292 935 3379; x_wconf 91' lang='lat' dir='ltr'><strong>quis</strong></span> <span class='ocrx_word' id='word_1_288' title='bbox 959 3294 991 3356; x_wconf 92' lang='lat' dir='ltr'><strong>in</strong></span> <span class='ocrx_word' id='word_1_289' title='bbox 1018 3292 1085 3357; x_wconf 93' lang='lat' dir='ltr'><strong>ullo</strong></span> <span class='ocrx_word' id='word_1_290' title='bbox 1107 3293 1360 3380; x_wconf 89' lang='lat' dir='ltr'><strong>orthographiae</strong></span> 
     </span>
     <span class='ocr_line' id='line_1_32' title="bbox 140 3391 1361 3480; baseline 0.001 -22"><span class='ocrx_word' id='word_1_291' title='bbox 140 3406 259 3480; x_wconf 82' lang='lat' dir='ltr'><strong>genere</strong></span> <span class='ocrx_word' id='word_1_292' title='bbox 286 3393 487 3463; x_wconf 87' lang='lat' dir='ltr'><strong>recensiones</strong></span> <span class='ocrx_word' id='word_1_293' title='bbox 515 3391 576 3456; x_wconf 92' lang='lat' dir='ltr'><strong>sibi</strong></span> <span class='ocrx_word' id='word_1_294' title='bbox 604 3402 750 3456; x_wconf 87' lang='lat' dir='ltr'><strong>constare</strong></span> <span class='ocrx_word' id='word_1_295' title='bbox 777 3406 885 3480; x_wconf 92' lang='lat' dir='ltr'><strong>putet;</strong></span> <span class='ocrx_word' id='word_1_296' title='bbox 918 3394 1015 3459; x_wconf 91' lang='lat' dir='ltr'><strong>immo</strong></span> <span class='ocrx_word' id='word_1_297' title='bbox 1043 3395 1078 3458; x_wconf 93' lang='lat' dir='ltr'><strong>in</strong></span> <span class='ocrx_word' id='word_1_298' title='bbox 1107 3395 1285 3460; x_wconf 89' lang='lat' dir='ltr'><strong>alterautra</strong></span> <span class='ocrx_word' id='word_1_299' title='bbox 1313 3418 1361 3459; x_wconf 94' lang='lat' dir='ltr'><strong>re·</strong></span> 
     </span>
     <span class='ocr_line' id='line_1_33' title="bbox 138 3496 1360 3586; baseline 0 -24"><span class='ocrx_word' id='word_1_300' title='bbox 138 3498 287 3586; x_wconf 85' lang='lat' dir='ltr'><strong>censione</strong></span> <span class='ocrx_word' id='word_1_301' title='bbox 310 3497 435 3584; x_wconf 88' lang='lat' dir='ltr'><strong>priscae</strong></span> <span class='ocrx_word' id='word_1_302' title='bbox 457 3508 488 3560; x_wconf 93' lang='lat' dir='ltr'><strong>et</strong></span> <span class='ocrx_word' id='word_1_303' title='bbox 505 3496 651 3560; x_wconf 85' lang='lat' dir='ltr'><strong>noviciae</strong></span> <span class='ocrx_word' id='word_1_304' title='bbox 672 3498 793 3560; x_wconf 85' lang='lat' dir='ltr'><strong>formae</strong></span> <span class='ocrx_word' id='word_1_305' title='bbox 810 3498 992 3581; x_wconf 89' lang='lat' dir='ltr'><strong>promiscue</strong></span> <span class='ocrx_word' id='word_1_306' title='bbox 1008 3497 1225 3561; x_wconf 88' lang='lat' dir='ltr'><strong>inveniuntur.</strong></span> <span class='ocrx_word' id='word_1_307' title='bbox 1272 3497 1360 3584; x_wconf 90' lang='lat' dir='ltr'><strong>quod</strong></span> 
     </span>
     <span class='ocr_line' id='line_1_34' title="bbox 137 3598 1239 3686; baseline -0.002 -22"><span class='ocrx_word' id='word_1_308' title='bbox 137 3609 174 3664; x_wconf 89' lang='lat' dir='ltr'><strong>ut</strong></span> <span class='ocrx_word' id='word_1_309' title='bbox 197 3599 423 3686; x_wconf 83' lang='lat' dir='ltr'><strong>conspiciatur,</strong></span> <span class='ocrx_word' id='word_1_310' title='bbox 446 3598 599 3662; x_wconf 85' lang='lat' dir='ltr'><strong>nonnulla</strong></span> <span class='ocrx_word' id='word_1_311' title='bbox 622 3620 705 3681; x_wconf 88' lang='lat' dir='ltr'><strong>quae</strong></span> <span class='ocrx_word' id='word_1_312' title='bbox 728 3598 791 3662; x_wconf 91' lang='lat' dir='ltr'><strong>huc</strong></span> <span class='ocrx_word' id='word_1_313' title='bbox 813 3598 973 3685; x_wconf 88' lang='lat' dir='ltr'><strong>pertinent</strong></span> <span class='ocrx_word' id='word_1_314' title='bbox 996 3599 1091 3663; x_wconf 90' lang='lat' dir='ltr'><strong>liceat</strong></span> <span class='ocrx_word' id='word_1_315' title='bbox 1114 3598 1239 3664; x_wconf 86' lang='lat' dir='ltr'><strong>afferre.</strong></span> 
     </span>
    </p>

    <p class='ocr_par' dir='ltr' id='par_1_8' title="bbox 137 3695 1361 4505">
     <span class='ocr_line' id='line_1_35' title="bbox 222 3695 1359 3787; baseline 0.001 -20"><span class='ocrx_word' id='word_1_316' title='bbox 222 3702 322 3768; x_wconf 86' lang='lat' dir='ltr'><strong>Velut</strong></span> <span class='ocrx_word' id='word_1_317' title='bbox 344 3702 430 3787; x_wconf 93' lang='lat' dir='ltr'><strong>quod</strong></span> <span class='ocrx_word' id='word_1_318' title='bbox 454 3701 566 3763; x_wconf 88' lang='lat' dir='ltr'><strong>attinet</strong></span> <span class='ocrx_word' id='word_1_319' title='bbox 593 3701 634 3763; x_wconf 89' lang='lat' dir='ltr'><strong>ad</strong></span> <span class='ocrx_word' id='word_1_320' title='bbox 660 3704 774 3764; x_wconf 80' lang='lat' dir='ltr'><strong>occiana</strong></span> <span class='ocrx_word' id='word_1_321' title='bbox 802 3704 918 3765; x_wconf 70' lang='lat' dir='ltr'><strong>vanna</strong></span> <span class='ocrx_word' id='word_1_322' title='bbox 944 3702 1079 3779; x_wconf 83' lang='lat' dir='ltr'><strong>formas,</strong></span> <span class='ocrx_word' id='word_1_323' title='bbox 1112 3695 1295 3786; x_wconf 87' lang='lat' dir='ltr'><strong>dequibus</strong></span> <span class='ocrx_word' id='word_1_324' title='bbox 1318 3704 1359 3768; x_wconf 80' lang='lat' dir='ltr'><strong>cf.</strong></span> 
     </span>
     <span class='ocr_line' id='line_1_36' title="bbox 137 3803 1360 3886; baseline 0.002 -18"><span class='ocrx_word' id='word_1_325' title='bbox 137 3803 335 3868; x_wconf 84' lang='lat' dir='ltr'><strong>Ritschelius</strong></span> <span class='ocrx_word' id='word_1_326' title='bbox 364 3803 442 3865; x_wconf 81' lang='lat' dir='ltr'><strong>Non.</strong></span> <span class='ocrx_word' id='word_1_327' title='bbox 465 3825 525 3864; x_wconf 83' lang='lat' dir='ltr'><strong>eac.</strong></span> <span class='ocrx_word' id='word_1_328' title='bbox 548 3803 649 3866; x_wconf 84' lang='lat' dir='ltr'><strong>Plant.</strong></span> <span class='ocrx_word' id='word_1_329' title='bbox 673 3825 704 3886; x_wconf 94' lang='lat' dir='ltr'><strong>p.</strong></span> <span class='ocrx_word' id='word_1_330' title='bbox 726 3803 783 3880; x_wconf 80' lang='lat'><strong>59,</strong></span> <span class='ocrx_word' id='word_1_331' title='bbox 813 3805 846 3866; x_wconf 93' lang='lat' dir='ltr'><strong>in</strong></span> <span class='ocrx_word' id='word_1_332' title='bbox 867 3804 900 3867; x_wconf 95' lang='lat' dir='ltr'>A</span> <span class='ocrx_word' id='word_1_333' title='bbox 928 3804 1008 3873; x_wconf 82' lang='lat' dir='ltr'><strong>Trin.</strong></span> <span class='ocrx_word' id='word_1_334' title='bbox 1033 3805 1071 3868; x_wconf 95' lang='grc'><strong>11</strong></span> <span class='ocrx_word' id='word_1_335' title='bbox 1094 3807 1210 3868; x_wconf 68' lang='lat' dir='ltr'><strong>conone</strong></span> <span class='ocrx_word' id='word_1_336' title='bbox 1239 3805 1360 3870; x_wconf 87' lang='lat' dir='ltr'><strong>diserte</strong></span> 
     </span>
     <span class='ocr_line' id='line_1_37' title="bbox 139 3900 1361 3990; baseline 0.003 -21"><span class='ocrx_word' id='word_1_337' title='bbox 139 3907 295 3990; x_wconf 90' lang='lat' dir='ltr'><strong>scriptum</strong></span> <span class='ocrx_word' id='word_1_338' title='bbox 318 3918 365 3967; x_wconf 88' lang='lat' dir='ltr'><strong>est</strong></span> <span class='ocrx_word' id='word_1_339' title='bbox 386 3903 585 3988; x_wconf 88' lang='lat' dir='ltr'><strong>eandemque</strong></span> <span class='ocrx_word' id='word_1_340' title='bbox 607 3906 742 3968; x_wconf 85' lang='lat' dir='ltr'><strong>formam</strong></span> <span class='ocrx_word' id='word_1_341' title='bbox 765 3906 833 3969; x_wconf 88' lang='lat' dir='ltr'><strong>veri</strong></span> <span class='ocrx_word' id='word_1_342' title='bbox 856 3905 958 3970; x_wconf 88' lang='lat' dir='ltr'><strong>simile</strong></span> <span class='ocrx_word' id='word_1_343' title='bbox 982 3917 1030 3970; x_wconf 91' lang='lat' dir='ltr'><strong>est</strong></span> <span class='ocrx_word' id='word_1_344' title='bbox 1051 3907 1149 3972; x_wconf 89' lang='lat' dir='ltr'><strong>etiam</strong></span> <span class='ocrx_word' id='word_1_345' title='bbox 1166 3909 1280 3971; x_wconf 72' lang='lat' dir='ltr'><strong>Pseud.</strong></span> <span class='ocrx_word' id='word_1_346' title='bbox 1296 3900 1361 3973; x_wconf 80' lang='lat'><strong>469</strong></span> 
     </span>
     <span class='ocr_line' id='line_1_38' title="bbox 138 4005 1359 4095; baseline 0.002 -23"><span class='ocrx_word' id='word_1_347' title='bbox 138 4007 266 4072; x_wconf 76' lang='lat' dir='ltr'><strong>ibidem</strong></span> <span class='ocrx_word' id='word_1_348' title='bbox 287 4017 408 4071; x_wconf 82' lang='lat' dir='ltr'><strong>extare.</strong></span> <span class='ocrx_word' id='word_1_349' title='bbox 437 4007 471 4070; x_wconf 91' lang='lat' dir='ltr'><strong>in</strong></span> <span class='ocrx_word' id='word_1_350' title='bbox 493 4005 522 4070; x_wconf 90' lang='lat' dir='ltr'><strong>P</strong></span> <span class='ocrx_word' id='word_1_351' title='bbox 551 4028 628 4070; x_wconf 90' lang='lat' dir='ltr'><strong>sane</strong></span> <span class='ocrx_word' id='word_1_352' title='bbox 659 4007 847 4092; x_wconf 88' lang='lat' dir='ltr'><strong>plerumque</strong></span> <span class='ocrx_word' id='word_1_353' title='bbox 872 4009 990 4070; x_wconf 69' lang='lat' dir='ltr'><strong>vanarn</strong></span> <span class='ocrx_word' id='word_1_354' title='bbox 1017 4007 1154 4072; x_wconf 90' lang='lat' dir='ltr'><strong>traditur</strong></span> <span class='ocrx_word' id='word_1_355' title='bbox 1182 4010 1283 4095; x_wconf 74' lang='lat' dir='ltr'><strong>(Tria</strong></span> <span class='ocrx_word' id='word_1_356' title='bbox 1309 4011 1359 4074; x_wconf 92' lang='grc'><strong>11.</strong></span> 
     </span>
     <span class='ocr_line' id='line_1_39' title="bbox 139 4107 1359 4195; baseline 0.004 -22"><span class='ocrx_word' id='word_1_357' title='bbox 139 4111 250 4179; x_wconf 72' lang='lat' dir='ltr'><strong>Pseud.</strong></span> <span class='ocrx_word' id='word_1_358' title='bbox 272 4109 346 4173; x_wconf 79' lang='lat'><strong>469.</strong></span> <span class='ocrx_word' id='word_1_359' title='bbox 369 4109 483 4178; x_wconf 76' lang='lat' dir='ltr'><strong>Bacch.</strong></span> <span class='ocrx_word' id='word_1_360' title='bbox 507 4108 578 4178; x_wconf 77' lang='lat'><strong>154.</strong></span> <span class='ocrx_word' id='word_1_361' title='bbox 603 4107 668 4175; x_wconf 84' lang='lat' dir='ltr'><strong>Coa</strong></span> <span class='ocrx_word' id='word_1_362' title='bbox 686 4108 744 4172; x_wconf 90' lang='lat' dir='ltr'><strong>III</strong></span> <span class='ocrx_word' id='word_1_363' title='bbox 765 4110 796 4186; x_wconf 92' lang='lat'><strong>4,</strong></span> <span class='ocrx_word' id='word_1_364' title='bbox 819 4111 863 4195; x_wconf 83' lang='lat'><strong>6),</strong></span> <span class='ocrx_word' id='word_1_365' title='bbox 887 4109 944 4173; x_wconf 90' lang='lat' dir='ltr'><strong>sed</strong></span> <span class='ocrx_word' id='word_1_366' title='bbox 967 4131 1031 4174; x_wconf 94' lang='lat' dir='ltr'><strong>non</strong></span> <span class='ocrx_word' id='word_1_367' title='bbox 1046 4121 1136 4176; x_wconf 88' lang='lat' dir='ltr'><strong>caret·</strong></span> <span class='ocrx_word' id='word_1_368' title='bbox 1150 4135 1190 4175; x_wconf 90' lang='lat' dir='ltr'><strong>ea</strong></span> <span class='ocrx_word' id='word_1_369' title='bbox 1212 4113 1359 4178; x_wconf 86' lang='lat' dir='ltr'><strong>recensio</strong></span> 
     </span>
     <span class='ocr_line' id='line_1_40' title="bbox 139 4209 1360 4298; baseline 0.004 -23"><span class='ocrx_word' id='word_1_370' title='bbox 139 4212 239 4276; x_wconf 84' lang='lat' dir='ltr'><strong>altera</strong></span> <span class='ocrx_word' id='word_1_371' title='bbox 256 4213 376 4288; x_wconf 80' lang='lat' dir='ltr'><strong>forma3</strong></span> <span class='ocrx_word' id='word_1_372' title='bbox 396 4209 461 4276; x_wconf 81' lang='lat' dir='ltr'><strong>Coa.</strong></span> <span class='ocrx_word' id='word_1_373' title='bbox 473 4211 553 4295; x_wconf 78' lang='lat' dir='ltr'><strong>prol.</strong></span> <span class='ocrx_word' id='word_1_374' title='bbox 571 4211 612 4275; x_wconf 81' lang='grc'><strong>29</strong></span> <span class='ocrx_word' id='word_1_375' title='bbox 627 4213 743 4274; x_wconf 62' lang='lat' dir='ltr'><strong>amone</strong></span> <span class='ocrx_word' id='word_1_376' title='bbox 758 4209 798 4277; x_wconf 94' lang='lat' dir='ltr'><strong>B.</strong></span> <span class='ocrx_word' id='word_1_377' title='bbox 813 4211 1014 4276; x_wconf 88' lang='lat' dir='ltr'><strong>iamdudum</strong></span> <span class='ocrx_word' id='word_1_378' title='bbox 1030 4215 1063 4276; x_wconf 94' lang='lat' dir='ltr'><strong>in</strong></span> <span class='ocrx_word' id='word_1_379' title='bbox 1080 4215 1360 4298; x_wconf 88' lang='lat' dir='ltr'><strong>comparationem</strong></span> 
     </span>
     <span class='ocr_line' id='line_1_41' title="bbox 138 4307 1356 4403; baseline 0.002 -24"><span class='ocrx_word' id='word_1_380' title='bbox 138 4322 280 4379; x_wconf 81' lang='lat' dir='ltr'><strong>vocatus.</strong></span> <span class='ocrx_word' id='word_1_381' title='bbox 301 4323 350 4378; x_wconf 91' lang='lat' dir='ltr'><strong>est</strong></span> <span class='ocrx_word' id='word_1_382' title='bbox 372 4311 445 4378; x_wconf 76' lang='lat' dir='ltr'><strong>Ter.</strong></span> <span class='ocrx_word' id='word_1_383' title='bbox 467 4311 580 4375; x_wconf 85' lang='lat' dir='ltr'><strong>Heant.</strong></span> <span class='ocrx_word' id='word_1_384' title='bbox 604 4314 661 4389; x_wconf 90' lang='grc'><strong>90,</strong></span> <span class='ocrx_word' id='word_1_385' title='bbox 688 4311 744 4377; x_wconf 92' lang='lat' dir='ltr'><strong>ubi</strong></span> <span class='ocrx_word' id='word_1_386' title='bbox 771 4313 805 4377; x_wconf 93' lang='lat' dir='ltr'><strong>in</strong></span> <span class='ocrx_word' id='word_1_387' title='bbox 827 4312 984 4378; x_wconf 91' lang='lat' dir='ltr'><strong>Bembino</strong></span> <span class='ocrx_word' id='word_1_388' title='bbox 1011 4326 1075 4380; x_wconf 83' lang='lat' dir='ltr'><strong>est:</strong></span> <span class='ocrx_word' id='word_1_389' title='bbox 1103 4307 1234 4381; x_wconf 77' lang='lat' dir='ltr'><strong>adcivom</strong></span> <span class='ocrx_word' id='word_1_390' title='bbox 1256 4318 1292 4403; x_wconf 87' lang='lat' dir='ltr'><strong>(o</strong></span> <span class='ocrx_word' id='word_1_391' title='bbox 1314 4339 1356 4381; x_wconf 87' lang='lat' dir='ltr'><strong>ex</strong></span> 
     </span>
     <span class='ocr_line' id='line_1_42' title="bbox 140 4413 1356 4505; baseline 0.005 -25"><span class='ocrx_word' id='word_1_392' title='bbox 140 4436 219 4486; x_wconf 85' lang='lat' dir='ltr'><strong>corr.</strong></span> <span class='ocrx_word' id='word_1_393' title='bbox 242 4416 332 4504; x_wconf 78' lang='lat' dir='ltr'><strong>rec).</strong></span> <span class='ocrx_word' id='word_1_394' title='bbox 376 4413 470 4477; x_wconf 91' lang='lat' dir='ltr'><strong>iniis</strong></span> <span class='ocrx_word' id='word_1_395' title='bbox 494 4414 624 4490; x_wconf 85' lang='lat' dir='ltr'><strong>formis,</strong></span> <span class='ocrx_word' id='word_1_396' title='bbox 647 4435 730 4498; x_wconf 85' lang='lat' dir='ltr'><strong>quae</strong></span> <span class='ocrx_word' id='word_1_397' title='bbox 753 4425 784 4478; x_wconf 92' lang='lat' dir='ltr'><strong>et</strong></span> <span class='ocrx_word' id='word_1_398' title='bbox 805 4415 943 4504; x_wconf 89' lang='lat' dir='ltr'><strong>simplici</strong></span> <span class='ocrx_word' id='word_1_399' title='bbox 971 4430 1002 4481; x_wconf 92' lang='lat' dir='ltr'><strong>et</strong></span> <span class='ocrx_word' id='word_1_400' title='bbox 1023 4418 1189 4505; x_wconf 85' lang='lat' dir='ltr'><strong>geminata</strong></span> <span class='ocrx_word' id='word_1_401' title='bbox 1211 4419 1356 4487; x_wconf 79' lang='lat' dir='ltr'><strong>litterae</strong></span> 
     </span>
    </p>
   </div>
   <div class='ocr_carea' id='block_1_7' title="bbox 0 0 1526 5220">
    <p class='ocr_par' dir='ltr' id='par_1_9' title="bbox 0 0 1526 5220">
     <span class='ocr_line' id='line_1_43' title="bbox 0 0 1526 5220; baseline 0 0"><span class='ocrx_word' id='word_1_402' title='bbox 0 0 1526 5220; x_wconf 95' lang='lat' dir='ltr'><strong> </strong></span> 
     </span>
    </p>
   </div>
  </div>
 </body>
</html>
