3082 5228
752 253 794 322 63

244 458 338 522 Pocrt
361 456 425 523 910

199 559 251 625 A:
275 557 362 644 Quin
385 560 494 626 hercle
516 559 701 627 collibertus
723 584 814 629 meus
835 564 913 629 faxo
935 574 969 630 tu
993 565 1066 643 eris,
1089 567 1134 631 sei
1164 566 1217 632 dei
1246 565 1381 656 vol[ent]

199 661 245 728 P:
270 661 335 744 Qui
363 662 469 727 hercle
492 661 688 728 conlibertus
710 686 800 729 meus
822 666 900 730 fuxo
922 668 985 731 eris
1008 667 1035 732 si
1058 666 1092 732 di
1114 669 1223 734 volent

155 765 299 832 editores
327 765 495 831 novissimi
522 787 595 831 cum
624 765 835 832 Fleckeiseno
857 767 1024 853 Palatinos
1051 771 1153 835 secuti
1181 793 1310 836 versum
1338 773 1385 838 sic

157 868 348 935 ediderunt:

243 971 366 1038 Hercle
389 970 445 1056 qui
467 994 558 1037 meus
581 970 775 1037 conlibertus
798 973 874 1039 faxo
897 974 970 1050 cris,
994 973 1040 1040 sei
1061 974 1113 1039 dci
1137 975 1255 1040 volent.

160 1074 250 1160 quod
268 1073 296 1140 si
319 1085 406 1139 recte
421 1074 575 1151 fecerunt,
599 1097 661 1138 non
677 1074 899 1161 improbabilis
923 1087 971 1141 est
986 1077 1153 1155 sententia,
1175 1076 1384 1144 Ambrosiani

160 1186 374 1245 correctorem
398 1189 430 1240 tu
453 1177 636 1254 inseruisse,
660 1191 694 1241 ut
715 1177 802 1242 huno
824 1200 954 1244 versum
976 1180 1126 1265 fingeret:

247 1278 364 1372 Qui[n]
388 1279 497 1345 hercle
521 1280 717 1366 conlibertus
738 1303 828 1346 meus
850 1283 928 1346 faxo
950 1292 985 1347 tu
1009 1281 1089 1361 eris,
1120 1281 1166 1347 sei
1189 1280 1242 1347 dei
1264 1281 1381 1348 volent.

161 1395 194 1450 ct
214 1405 256 1449 ue
278 1383 313 1449 id
336 1384 467 1464 quidem
490 1382 679 1447 incredibile
702 1395 750 1448 est
778 1396 991 1451 correctorem
1013 1406 1156 1462 versum,
1187 1407 1384 1472 quamquam

161 1486 336 1553 trochaicis
357 1486 564 1570 interpositus
588 1495 644 1562 cst,
667 1484 876 1571 neglegenter
898 1509 957 1572 pro
979 1486 1118 1552 iambico
1140 1485 1275 1574 legisse:
1302 1487 1383 1569 Quin

160 1589 257 1655 dtrclc
280 1611 304 1652 e.
320 1612 350 1674 q.
365 1611 388 1652 s.
434 1587 569 1651 alterum
599 1587 684 1650 enim
716 1572 901 1652 huiusmodi
929 1589 1045 1654 erroris
1074 1590 1258 1675 exemplum
1281 1601 1381 1670 extat,

163 1690 251 1776 quod
274 1690 329 1755 vix
352 1691 415 1754 alio
438 1689 533 1754 modo
556 1688 702 1774 expediri
724 1699 838 1773 potest,
861 1691 953 1755 Poen.
978 1691 1040 1756 368

204 1793 253 1860 A:
278 1792 374 1858 Mene
396 1815 456 1878 ego
479 1803 647 1879 praesente
670 1792 775 1877 patiar
797 1791 891 1856 illaec
913 1792 1001 1860 dici?
1024 1795 1201 1860 discrucior
1225 1797 1321 1861 miser

204 1896 250 1961 P:
273 1894 368 1961 Mene
392 1917 453 1981 ego
475 1894 568 1959 illaec
590 1894 697 1979 patiar
718 1905 888 1979 praesente
911 1896 1001 1963 dici?
1029 1897 1206 1963 discrucior
1227 1899 1324 1964 miser

163 1998 197 2063 iu
219 1997 254 2064 A
278 1997 484 2083 transpositio
505 2019 567 2062 non
592 2009 657 2060 tam
682 2018 776 2074 casu,
800 2019 897 2080 quam
920 2020 959 2062 eo
982 2000 1115 2064 oonsilio
1137 2002 1223 2065 sacta
1246 2024 1316 2067 esse
1339 2004 1383 2066 vi·

167 2100 271 2178 detur,
294 2111 329 2165 ut
345 2111 503 2186 promeae
519 2121 593 2164 oum
615 2122 698 2163 mene
721 2099 821 2163 artius
838 2100 1096 2187 coniungeretur.
1133 2125 1262 2168 versum
1278 2116 1385 2169 autem

165 2203 219 2268 bio
241 2224 369 2290 quoque
392 2224 450 2287 per
477 2201 601 2266 iambos
624 2211 785 2266 corrector
808 2202 972 2267 dimensus
1003 2225 1074 2268 csse
1103 2203 1247 2270 videtur:
1278 2206 1386 2284 ‚Mene

166 2307 228 2392 ego
250 2316 397 2396 presente
418 2305 525 2389 patiar
540 2305 634 2368 illaec
657 2305 743 2371 dici?
766 2305 943 2370 discrucior
965 2306 1081 2375 miser!
1125 2329 1185 2372 neo
1208 2308 1240 2372 in
1265 2308 1294 2373 P
1315 2331 1387 2374 con-

167 2408 271 2474 simile
295 2407 480 2494 exemplum
501 2407 592 2473 deest
613 2430 644 2471 v.
669 2406 761 2484 1275,
785 2407 891 2491 quode
914 2408 987 2473 vide
1009 2408 1104 2474 infra.

250 2510 357 2597 Quem
378 2511 485 2576 locum
507 2509 650 2598 excipiat
671 2511 764 2574 Poen.
789 2532 820 2573 v.
844 2510 937 2576 1062.
962 2510 1045 2577 1063

207 2614 253 2680 P:
276 2613 404 2699 Ecquid
426 2613 600 2678 meministi
622 2621 711 2677 tuom
734 2624 903 2698 parentum
925 2616 1081 2685 nomina?

250 2716 328 2784 AG.
358 2716 465 2781 Patris
492 2728 588 2800 atque
615 2717 728 2780 matris
756 2717 897 2782 memini.
951 2714 1031 2783 HA.
1058 2721 1278 2786 memoradum
1308 2719 1386 2784 mihi

166 2842 246 2905 eq.
269 2843 294 2885 s.
319 2820 552 2885 Ambrosianae
575 2820 770 2884 recensionis
793 2831 906 2886 auctor
926 2821 1024 2886 aliam
1046 2844 1255 2908 personarum
1283 2822 1387 2887 distri-

165 2923 331 2990 butionem
354 2923 477 2988 invexit

251 3027 382 3112 Ecquid
403 3025 578 3092 meministi
601 3038 689 3092 tuom
713 3036 884 3114 parentum
907 3027 1048 3105 nomina,
1390 3110 1397 3123 ·

249 3129 357 3196 Patris
378 3140 476 3216 atque
498 3128 730 3197 matrisl'AG.
754 3129 894 3193 memini.
928 3129 1004 3194 HA.
1027 3131 1250 3196 memoradum
1272 3131 1360 3198 mihi.

167 3232 270 3298 simile
293 3244 342 3298 est
363 3232 451 3321 quod
472 3233 506 3297 in
534 3232 560 3297 P
582 3232 745 3297 invenitur
771 3233 956 3318 exemplum
981 3233 1074 3298 suot.
1097 3233 1175 3311 342,
1204 3234 1291 3319 quod
1313 3232 1387 3298 vide

166 3335 259 3401 inira.

250 3439 353 3502 Pseud
374 3436 431 3516 853
454 3439 495 3502 cf.
518 3437 666 3503 Loewius
688 3439 776 3504 Anat
795 3439 899 3503 Plan.
923 3461 955 3524 p.
981 3439 1052 3505 155.

209 3539 259 3606 A:
281 3540 404 3605 Actum
427 3550 487 3605 est
508 3541 553 3605 de
577 3540 657 3628 m[e
680 3540 809 3609 hodie.
832 3542 900 3605 sed
923 3540 1054 3628 potes]
1077 3550 1119 3604 tu
1142 3550 1288 3604 mutuam

277 3643 493 3731 Drach[mam
515 3643 608 3731 da]rc
632 3666 744 3708 unam
767 3643 866 3708 mihi
888 3665 986 3726 quam
1010 3664 1080 3707 cras
1101 3642 1236 3707 reddam
1258 3641 1339 3709 tibi?

206 3745 254 3811 P:
276 3743 399 3812 Actum
422 3747 537 3811 bodie
560 3749 636 3810 iam
660 3746 706 3810 de
728 3769 784 3810 ms
808 3754 877 3809 est.
921 3745 978 3810 sed
1001 3755 1091 3831 potes
1113 3765 1217 3809 nunc
1239 3754 1385 3810 mutuam
1427 3747 1430 3753 ’

281 3849 503 3914 Draohumam
526 3848 603 3912 dare
625 3848 723 3912 mihi
746 3869 863 3912 unam
885 3870 983 3933 quam
1007 3870 1077 3913 cras
1100 3847 1234 3912 reddam
1257 3846 1342 3916 tibi?

173 3950 206 4016 in
228 3952 329 4017 altero
352 3974 448 4017 versu
477 3973 551 4016 cum
572 3951 673 4015 falsus
696 3950 752 4035 qui
776 3953 807 4015 in
838 3949 864 4014 P
890 3959 981 4016 extat
1003 3950 1082 4016 ordo
1100 3948 1270 4015 verborum
1299 3949 1387 4016 nullo

168 4053 263 4119 modo
293 4076 314 4119 a
342 4064 519 4119 correctore
549 4053 741 4117 constitutus
770 4075 839 4117 esse
865 4054 965 4139 possit
992 4053 1069 4139 (nisi
1097 4053 1170 4136 quis
1198 4074 1272 4117 eum
1300 4053 1386 4117 sanis
1459 4124 1461 4127 ,

168 4155 314 4222 versibus
356 4159 388 4221 in
422 4155 565 4221 elumbes
598 4154 816 4239 depravandis
848 4177 979 4239 operam
1010 4155 1137 4220 dedisse
1163 4154 1387 4241 contenderit),

168 4280 245 4324 casu
259 4258 427 4324 Palatinos
449 4259 533 4323 hano
554 4258 661 4322 labem
684 4260 821 4322 traxisse
844 4280 955 4322 omnes
977 4258 1164 4326 concedent.
1208 4258 1249 4323 de
1272 4257 1388 4343 prioris

169 4384 282 4429 versus
298 4362 516 4447 discrepantia
537 4360 687 4426 Loewius
711 4361 758 4424 sio
774 4360 932 4446 disputat:
955 4359 1082 4437 ‚vocula
1103 4384 1181 4424 nnnc
1203 4382 1267 4425 non
1281 4362 1386 4427 minus

167 4475 241 4552 apte
270 4474 413 4542 caretur,
448 4464 596 4549 quamsi
624 4485 683 4528 nos
712 4463 885 4528 vernacule
914 4463 1064 4529 dicimus:
1099 4464 1218 4528 kannst
1243 4462 1300 4530 Du
1327 4464 1389 4531 mir
