3038 5220
737 263 797 326 167

665 353 866 360 m

153 484 239 552 quae
262 465 294 528 in
317 465 351 530 A
368 467 449 530 Trio.
473 466 546 544 651,
570 465 721 531 videlicet
742 487 782 531 ne
805 466 905 532 verba
927 488 1050 554 operam
1072 467 1157 544 dare,
1180 480 1263 555 quae
1278 465 1376 533 unlus'

155 565 248 631 verbi
270 566 433 632 notionem
455 566 584 652 habent,
608 568 812 633 dirimantur.

200 686 266 754 Cae.
288 685 346 753 III
368 689 399 765 6,
427 687 470 752 24
501 686 594 771 ,Tam
628 687 707 753 mihi
735 709 806 752 mea
829 687 913 765 vita,
947 685 1020 755 Tua
1045 709 1146 775 quam
1174 687 1237 754 tibi
1260 687 1377 755 carast‘

154 789 203 868 A;
226 811 336 874 ,quam
359 800 415 856 tua
437 789 496 856 tibi
518 800 633 856 curast‘
655 789 693 855 P.

241 893 282 957 In
304 892 354 958 his
384 916 448 958 non
473 905 540 958 tam
565 891 689 957 fervide
713 914 823 980 agam,
852 902 888 958 ut
910 913 1025 979 negem
1053 914 1132 958 casu
1159 896 1297 960 fortasse
1323 893 1378 959 hic

154 995 220 1060 illic
243 1017 307 1059 non
323 995 457 1061 consilio
481 995 640 1061 eiusmodi
661 987 855 1061 mutationes
877 1007 1006 1060 exortas
1029 1017 1098 1060 esse
1119 995 1171 1061 vel
1194 992 1263 1061 fieri
1284 1018 1378 1085 posse

154 1110 189 1165 ut
213 1098 296 1164 inter
317 1099 405 1163 locos
428 1103 631 1193 enumeratos
654 1122 737 1166 unus
761 1099 882 1164 alterve
898 1107 998 1176 extet,
1021 1121 1086 1184 quo
1109 1098 1285 1186 simplicior
1307 1120 1376 1165 ver-

154 1201 268 1265 borum
296 1199 375 1266 ordo
403 1199 574 1287 adipsum
597 1198 753 1269 Plautum
783 1199 971 1267 referendus
994 1203 1051 1279 sit3
1078 1223 1154 1265 uam
1178 1213 1271 1269 caute
1295 1201 1376 1270 iudi-

153 1303 295 1370 candum
324 1325 395 1368 esse
423 1325 461 1368 ea
483 1326 533 1368 res
561 1328 619 1370 nos
643 1314 767 1388 monet,
798 1304 885 1390 quod
912 1304 1074 1370 interdum
1101 1303 1282 1395 exquisitae
1309 1327 1378 1370 ver-

152 1406 267 1472 borum
277 1405 494 1472 collocationis
510 1407 651 1494 speciem
666 1406 817 1473 fallacem
832 1428 901 1472 esse
915 1406 987 1472 aliis
1002 1405 1182 1472 rationibus
1199 1401 1375 1484 evincitur3

153 1508 245 1576 velut
270 1510 353 1574 Tria.
375 1509 419 1574 94

240 1629 281 1694 P:
305 1627 370 1695 Sed
392 1639 427 1694 tu
450 1628 491 1694 dx
516 1629 630 1695 amicis
654 1629 749 1696 certis
771 1630 816 1696 mi
838 1651 872 1695 es
895 1628 1092 1695 certissimus

239 1728 287 1797 A:
311 1729 377 1797 Sed
400 1741 436 1797 tu
458 1730 499 1796 ex
522 1732 635 1798 amicis
657 1733 701 1798 mi
724 1733 758 1800 ds
779 1733 876 1798 certis
895 1730 1093 1798 certissimus

152 1850 391 1919 Ambrosianus
414 1851 514 1918 verba
536 1853 641 1916 amicis
662 1855 749 1917 certia
770 1852 931 1940 dirempta
958 1849 1016 1917 sed
1037 1849 1241 1916 foedissimos
1269 1870 1376 1915 uume-

151 1975 206 2018 ros
227 1953 335 2020 habet

201 2056 282 2120 Trio.
303 2056 369 2122 470
390 2056 437 2121 A:
474 2055 649 2143 ‚Adpdsita
670 2077 750 2121 cena
773 2059 838 2134 slt‘3
866 2055 909 2122 P:
932 2051 1106 2142 ,Adpcsita
1128 2055 1170 2120 sit
1191 2054 1281 2121 cend‘
1304 2075 1377 2121 eum

151 2159 231 2225 vitio
252 2157 396 2224 metrico.

196 2281 265 2344 Mil.
286 2280 363 2366 plor.
388 2279 448 2343 157

236 2381 279 2446 P:
302 2380 349 2446 Ni
378 2381 485 2448 hercle
517 2379 724 2467 diffregeritis
751 2381 835 2445 talos
862 2380 997 2469 posthac
1024 2401 1185 2465 quemque
1206 2378 1239 2442 in
1260 2379 1378 2464 tegulis

299 2482 456 2550 Videritis
479 2484 629 2562 alienum,
654 2505 716 2571 ego
739 2495 848 2549 vostra
869 2483 988 2549 faciam
1010 2483 1112 2550 latera
1133 2482 1222 2548 lorea

238 2588 285 2656 A:
308 2586 464 2653 Videritis
487 2587 638 2665 alienum,
660 2597 770 2665 vestra
793 2607 853 2674 ego
874 2587 993 2652 faciam
1015 2585 1117 2651 latera
1138 2584 1238 2649 lorea

149 2690 376 2756 Palatinorum
399 2689 562 2775 scriptura
582 2689 828 2755 commendatur
850 2711 881 2752 v.
904 2690 1016 2754 Pseud.
1041 2687 1103 2752 145

235 2793 290 2859 Ita
311 2814 372 2880 ego
394 2802 504 2859 vostra
526 2794 631 2859 latera
651 2792 728 2858 loris
750 2791 870 2857 faciam
893 2791 999 2856 valide
1021 2789 1113 2855 varia
1135 2800 1171 2856 ut
1191 2788 1267 2854 sint'.

193 2914 304 2978 Pectd.
327 2913 392 2978 390
413 2913 446 2977 in
469 2912 504 2978 A
526 2922 589 2980 cst:

238 3014 342 3081 Pauci
365 3037 406 3080 ex
429 3015 539 3080 multis
562 3023 638 3080 sunt
660 3012 770 3090 amici,
792 3013 916 3078 homini
940 3013 1019 3078 certi
1041 3012 1097 3097 qui
1120 3012 1203 3077 sient

145 3119 194 3186 P:
216 3120 270 3205 qai
290 3120 364 3182 certi
383 3121 467 3183 aiem.

192 3239 262 3304 Mil.
283 3240 360 3325 plor.
383 3237 447 3304 265
1258 3300 1262 3305 .

234 3341 284 3407 A:
306 3337 394 3404 Novi
417 3359 539 3403 morem
562 3347 708 3423 egomet:
731 3348 838 3404 tacere
862 3354 997 3423 nequet),
1021 3340 1108 3405 solus
1131 3339 1218 3428 quod
1239 3338 1315 3405 scic.

146 3443 184 3507 in
206 3442 235 3507 P
261 3464 337 3507 cum
359 3443 442 3529 quod
470 3439 567 3521 desit,
598 3439 733 3507 Brixius
760 3441 794 3505 in
822 3440 1045 3506 Palatinorum
1073 3442 1250 3529 archetypo
1276 3430 1381 3518 fuisse,

148 3566 305 3632 ‚nequeo
333 3543 438 3630 quod
466 3543 552 3608 solus
580 3545 658 3608 scio‘
688 3553 773 3609 recte
796 3544 935 3630 collegit.
980 3566 1087 3609 nonne
1110 3544 1160 3608 his
1188 3543 1266 3608 locis
1288 3543 1375 3608 idem

148 3646 345 3713 recensionis
366 3669 479 3735 genus,
502 3644 591 3730 quod
615 3669 713 3733 supra
730 3645 984 3729 observavimus,
1007 3646 1088 3713 inP
1109 3667 1267 3733 apparere
1289 3645 1375 3711 vide-

149 3750 225 3817 tur?
247 3760 281 3815 at
303 3772 413 3815 eorum
436 3749 629 3835 scripturam
651 3771 762 3814 veram
792 3770 862 3815 esse
886 3750 1085 3816 demonstrat
1105 3749 1300 3816 reconditior
1321 3749 1378 3814 lex·

150 3852 350 3939 rhythmica,
379 3852 518 3936 quaein
540 3852 574 3917 A
596 3852 745 3938 neglecta
767 3861 825 3918 est.
868 3853 1002 3919 Brixiae
1030 3851 1116 3916 enim
1147 3851 1375 3918 animadvertit

150 3954 304 4022 Plautum
325 3955 360 4019 in
375 3954 437 4020 hoc
458 3955 552 4020 metri
567 3976 688 4040 genere
701 3956 814 4032 vitare,
838 3956 866 4019 si
887 3955 956 4019 fieri
972 3957 1083 4041 possit,
1106 3954 1186 4020 tales
1204 3965 1373 4021 accentus:

150 4058 227 4123 editae
243 4058 326 4145 qadd
348 4059 416 4132 ecio,
441 4059 515 4122 certi
527 4062 583 4145 qut
600 4060 694 4133 elcan
715 4057 881 4123 adamavit
904 4073 1012 4125 autem
1035 4057 1116 4145 qudd
1135 4057 1212 4123 solda
1232 4060 1301 4135 ecio,
1323 4059 1379 4145 qut

149 4163 224 4225 vcerti
248 4162 339 4235 eiect3
368 4159 408 4228 cf.
429 4158 564 4225 Brixius
591 4162 625 4225 in
648 4183 723 4248 app.
751 4162 821 4227 crit.
842 4161 885 4226 ad
913 4162 983 4226 Mil.
1004 4163 1081 4249 plor.
1104 4161 1177 4228 265.
1211 4159 1312 4226 vides
1340 4160 1375 4226 in

153 4262 361 4350 exquisitiore
391 4263 444 4328 vel
472 4262 666 4350 simpliciore
695 4264 869 4329 verborum
899 4264 1108 4330 collocatione
1143 4263 1375 4331 adminiculum

156 4367 234 4431 artis
258 4364 390 4431 criticae
412 4365 610 4432 factitandae
633 4387 709 4432 sane
732 4366 825 4431 nobis
846 4367 1004 4454 praeberi,
1028 4368 1086 4434 sed
1108 4388 1173 4452 quo
1194 4365 1380 4434 cautissime

157 4469 314 4540 utendum
349 4480 407 4534 est.
451 4491 552 4563 pergo
590 4479 698 4539 autem
736 4469 769 4540 in
803 4469 961 4542 eiusmodi
984 4457 1266 4556 'civetsitltibtls
1293 4461 1385 4563 qudo*
