3038 5220
231 477 343 540 Pseud.
363 474 426 540 315

190 577 240 640 A:
263 576 308 641 Di
331 576 495 641 meliora
517 577 658 643 faxint.
691 579 754 645 PS.
784 580 906 659 Pace,
929 581 1016 666 quod
1031 592 1062 644 te
1076 603 1239 666 rogamus,
1251 580 1369 647 Ballio.

188 677 235 741 P:
260 678 305 762 Di
319 677 460 743 melius
475 679 637 749 faciant.
654 680 717 749 Ps.
736 679 837 747 Face
851 684 938 761 hoc,
950 683 1037 767 quod
1049 696 1080 747 te
1094 684 1368 770 rogamusBallio.

151 779 190 843 de
214 803 277 864 quo
300 802 395 846 versu
418 781 531 846 audias
550 781 778 868 Niemeyerum
801 809 832 872 p.
855 786 909 852 13:
948 785 1015 863 ,ubi
1036 787 1141 850 melius
1162 787 1368 854 substitutum

152 892 208 959 est,
232 883 485 965 grammaticum,
502 885 596 949 metri
618 886 723 971 gratia
745 887 798 950 hoc
820 888 992 954 inseruisse
1015 889 1048 951 in
1064 900 1215 975 promptu
1229 895 1297 954 est‘.
1335 890 1371 963 in⁴

147 986 267 1070 quibus
289 987 456 1053 iudicandi
477 989 702 1079 confidentiam
723 1011 787 1053 non
804 991 910 1056 minus
926 1013 1023 1074 quam
1038 989 1197 1054 inscitiam
1213 991 1369 1056 sermonis

146 1088 289 1154 Plautini
313 1090 450 1158 mireris.
488 1112 663 1176 pronomen
686 1093 770 1155 enirn
786 1093 839 1156 hoc
857 1106 981 1158 tantum
1003 1092 1103 1170 abest,
1126 1105 1161 1158 ut
1176 1116 1195 1157 a
1210 1116 1368 1179 gramma-

146 1192 212 1257 tico
234 1193 390 1257 insertum
416 1194 466 1275 sit,
490 1205 525 1257 ut
548 1191 588 1257 ex
612 1193 841 1259 consuetudine
864 1195 992 1260 dicendi
1009 1194 1159 1260 Plautina
1180 1196 1285 1261 omitti
1305 1218 1369 1260 om-

147 1295 223 1359 nino
239 1317 302 1358 non
318 1296 469 1382 potuerit,
485 1295 518 1360 id
534 1295 622 1383 quod
634 1318 707 1361 non
731 1297 843 1384 effugit
859 1297 1116 1376 Fleckeisenum,
1139 1298 1195 1385 qui
1217 1300 1269 1362 hoc
1291 1299 1370 1363 scite

146 1399 299 1462 servavit.
325 1398 365 1462 cf.
389 1399 470 1462 Meu.
494 1397 558 1462 914
580 1398 644 1475 ,dic
667 1398 746 1462 mihi
768 1399 844 1475 hoc,
873 1397 959 1482 quod
989 1409 1021 1463 te
1050 1408 1149 1485 rogo‘.
1193 1398 1283 1462 Most.
1308 1399 1369 1463 748

149 1501 221 1577 ,hoc
245 1501 322 1565 mihi
345 1501 514 1586 responde,
537 1501 623 1587 quod
646 1507 749 1587 rogo‘3
771 1501 848 1566 item
872 1503 965 1566 Mero.
984 1501 1052 1567 185.
1071 1501 1143 1565 214.
1187 1501 1268 1565 Men.
1286 1500 1370 1565 1070

148 1603 236 1687 ‚quid
259 1625 320 1689 ego
342 1627 383 1668 ex
406 1614 437 1668 te
459 1603 579 1671 audio?
600 1602 611 1689 t!
630 1603 700 1681 hoc,
723 1604 809 1689 quod
832 1626 882 1669 res
899 1614 968 1669 est‘.
1000 1605 1111 1668 Pseud.
1127 1603 1191 1668 340
1213 1603 1275 1680 ,dio
1292 1603 1370 1667 mihi

147 1727 256 1770 verum
287 1706 370 1770 serio
399 1706 477 1783 hoc,
508 1705 595 1793 quod
625 1717 655 1770 te
685 1706 788 1790 rogc’3
817 1729 912 1793 porro
943 1707 984 1770 ct.
1013 1708 1124 1774 Pseud.
1153 1704 1369 1795 11701191.

146 1808 260 1871 Bacch.
283 1807 358 1872 720.
402 1809 493 1872 Most.
516 1808 590 1872 450.
633 1810 703 1873 Mil.
725 1809 801 1893 plor.
824 1808 897 1873 426.
947 1809 1032 1873 linc.
1056 1809 1128 1874 273.
1172 1832 1256 1875 unus
1284 1809 1369 1893 quod

149 1909 247 1973 sciam
270 1923 431 1998 repugnat
453 1910 540 1976 Rud.
566 1911 627 1975 124
656 1912 729 1990 ,dic,
758 1912 844 1996 quod
866 1923 896 1976 te
920 1922 1024 1997 rogo‘3
1053 1936 1084 1976 v.
1108 1914 1194 1977 enim
1217 1914 1303 1976 Asin.
1327 1911 1368 1976 29

234 2012 297 2077 Dic
317 2013 450 2079 obsecro
472 2012 580 2078 hercle
603 2017 695 2092 serio,
718 2014 805 2098 quod
828 2028 859 2079 te
882 2036 990 2099 rogem

149 2136 212 2178 non
235 2136 299 2179 uno
321 2115 454 2187 nomine
472 2125 640 2201 suspectus
663 2129 720 2180 est.
759 2117 876 2181 etenim
899 2138 973 2180 cum
996 2116 1028 2179 in
1052 2115 1210 2179 sententia
1231 2115 1367 2180 relativa

148 2218 256 2281 omnia
294 2240 377 2302 quae
410 2218 503 2282 attuli
537 2219 686 2304 exempla
722 2217 852 2283 modum
885 2217 1097 2282 indicativum
1128 2218 1282 2298 habeant,
1317 2220 1371 2284 hic

150 2320 373 2385 coniunctivus
403 2321 529 2407 legitur,
555 2343 649 2408 quem
666 2321 840 2386 Muellerus
858 2321 946 2408 (add.
963 2344 994 2406 p.
1012 2321 1087 2408 141)
1107 2333 1218 2387 contra
1234 2321 1370 2406 Seyffer-

149 2433 216 2487 tum
244 2421 369 2506 (Philet.
390 2422 524 2486 XXIX
552 2447 583 2508 p.
611 2422 690 2507 390)
724 2423 891 2509 disputans
927 2446 984 2489 suo
1017 2425 1086 2489 iure
1121 2426 1251 2510 negavit
1285 2435 1370 2489 stare

147 2547 251 2612 posse.
289 2526 398 2609 itaque
422 2525 542 2612 duplici
565 2526 692 2590 macula
725 2524 812 2590 locus
834 2527 893 2591 iste
916 2526 1089 2614 adspersus
1116 2525 1252 2597 videtur.
1287 2548 1370 2610 quae

153 2647 226 2691 curn
249 2627 294 2690 ita
317 2627 395 2705 sint,
424 2626 610 2712 Niemeyeri
634 2628 868 2714 argumentatio
891 2632 1019 2694 omnino
1042 2629 1169 2694 corruit.
1216 2652 1272 2694 nos
1296 2651 1372 2695 vero

150 2752 279 2794 versum
312 2729 354 2793 ad
397 2753 541 2794 normam
583 2728 753 2795 Plautinae
798 2732 1037 2798 consuetudinis
1081 2733 1266 2797 examinare
1301 2753 1370 2816 per·

151 2832 269 2916 gimus.
314 2844 410 2919 atque
434 2833 494 2896 hoc
523 2832 651 2917 quidem
675 2834 916 2899 concedendum
940 2844 988 2898 est
1011 2856 1138 2898 versum
1161 2833 1370 2899 Ambrosiani

152 2957 229 3018 prae
251 2933 409 2999 Palatinis
439 2934 582 3020 rhythmi
605 2935 764 3021 elegantia
794 2934 889 3019 longe
911 2933 1065 3017 eminere,
1100 2955 1165 3018 qua
1185 2956 1249 2997 non
1273 2935 1370 2997 miror

153 3036 241 3101 viros
275 3037 386 3101 doctos
422 3037 467 3100 ita
499 3037 631 3103 allectos
664 3061 749 3115 esse,
777 3049 812 3103 ut
844 3038 884 3102 de
907 3037 1085 3122 scripturae
1115 3036 1247 3101 veritate
1277 3057 1370 3101 nemo

150 3138 356 3204 dubitaverit.
422 3149 565 3206 attamen
604 3140 779 3205 certissime
813 3140 937 3204 affirmo
975 3151 1103 3226 praeter
1138 3138 1225 3202 hunc
1263 3138 1369 3202 locum

151 3241 272 3305 nullum
298 3241 332 3305 in
347 3240 507 3308 Plautinis
530 3243 703 3308 comoediis
719 3256 840 3321 extare,
864 3242 919 3308 ubi
942 3245 977 3306 di
989 3241 1114 3306 meliora
1130 3242 1232 3323 faciut
1247 3240 1369 3304 dictum

151 3344 201 3408 sit.
238 3346 273 3407 di
293 3346 398 3408 melina
420 3346 538 3427 faciam
564 3346 633 3411 sive
655 3347 757 3428 faciat
780 3346 896 3433 legitur
918 3347 1010 3410 Marc.
1037 3344 1100 3409 285
1123 3341 1235 3430 (etiam
1257 3342 1291 3406 in
1312 3341 1369 3430 A).

152 3445 325 3523 malva,
342 3448 390 3511 14.
430 3449 544 3512 Bacch.
558 3448 620 3514 626
630 3449 674 3536 ¹);
698 3449 831 3514 maximi
855 3470 930 3512 vero
953 3459 1000 3511 est
1022 3446 1174 3512 momenti
1198 3448 1232 3509 dr·
1245 3447 1370 3509 meliora

150 3551 252 3629 foaiut
282 3548 482 3617 solummodo
505 3552 643 3616 inveniri
666 3552 700 3615 in
714 3574 832 3617 scaena
854 3551 982 3614 Poenula'
1004 3547 1176 3614 subditicio
1197 3551 1242 3633 (v.
1261 3546 1368 3631 1400),

151 3674 249 3736 quarn
265 3651 394 3717 saeculo
410 3653 546 3737 septimo
563 3652 651 3718 urbis
668 3654 815 3719 conditae
832 3652 962 3740 Hesper
979 3651 1140 3738 assignat3
1162 3649 1247 3715 unde
1262 3649 1370 3713 nescio

156 3778 196 3819 an
234 3754 277 3818 ad
310 3764 451 3840 tempus,
488 3778 552 3840 quo
590 3778 719 3820 versum
756 3757 869 3820 Pseud.
893 3753 956 3819 315
993 3766 1153 3819 corrector
1189 3751 1370 3828 mutaverit,

152 3857 372 3923 definiendum
395 3856 518 3942 aliquid
541 3859 715 3936 redundet;
744 3880 884 3941 namque
906 3857 966 3922 etsi
990 3857 1072 3922 hanc
1096 3855 1305 3921 mutationem
1328 3854 1369 3921 ab

152 3961 280 4040 eodem,
313 3962 369 4048 qui
403 3983 555 4026 scaenam
585 3963 673 4025 illam
701 3961 838 4025 Poenuli
868 3959 1025 4045 concepit,
1058 3961 1178 4023 factam
1207 3978 1276 4022 essa
1307 3978 1371 4020 non

242 4150 343 4218 ¹)an
361 4151 422 4204 loco
441 4168 507 4204 sane
529 4153 619 4203 metro
640 4149 754 4203 turbato
779 4146 973 4202 Fleckeisenus
997 4144 1128 4199 subvenit
1151 4159 1309 4213 proponens
1333 4141 1372 4207 ,di

151 4234 269 4288 meliora
281 4234 379 4288 faxint‘
387 4255 393 4302 ;
401 4235 450 4289 sed
462 4235 531 4287 mihi
544 4233 656 4302 quidem
669 4232 875 4287 Studemundus
888 4229 1256 4299 (Zeitsclr.f.d.Gymn.·Wea
1266 4226 1372 4282 XVIII

150 4337 177 4387 p.
200 4321 262 4388 548)
280 4320 384 4375 rectius
402 4337 514 4374 versum
532 4320 571 4372 sic
589 4318 751 4371 distinxisse
769 4317 894 4370 videtur:

508 4402 688 4467 Mnesiloche,
706 4402 773 4473 qnid
791 4400 842 4454 fic?
861 4402 870 4469 ll
888 4399 973 4454 Perii.
1090 4463 1093 4470 Ι

507 4489 544 4544 Di
561 4488 660 4542 melius
679 4488 791 4540 iaciant.
809 4485 818 4553 Η
837 4485 922 4540 Perii.
