3038 5220
656 269 858 368 Q

144 473 327 559 ignorabat,
350 475 497 551 coniecit,
528 473 696 538 Palatinae
724 484 884 538 corrector
909 473 1005 541 fodite·
1024 473 1162 561 scripsit.
1205 474 1367 557 quomodo

144 576 246 663 igitur
263 576 486 642 recensionum
498 577 734 663 discrepantiae
758 587 853 642 natae
874 575 938 640 sint
955 576 1176 663 quaestionem
1191 575 1368 641 absolvisse

144 678 239 744 nobis
263 679 420 762 videmur,
445 702 506 743 non
531 679 619 754 item,
642 678 803 766 quomodo
831 678 962 742 tandem
984 699 1096 742 versus
1121 677 1173 741 ille
1197 677 1366 765 archetypi

144 781 302 868 principie
338 780 501 846 sanandus
535 781 585 848 sit.
641 779 698 844 sed
732 781 760 845 si
793 778 969 845 Muellerus
999 779 1098 865 (Pros.
1121 780 1225 843 Plact.
1250 801 1280 865 p.
1305 781 1368 845 215

144 883 219 949 adn.
236 886 323 952 Add.
346 907 377 970 p.
399 885 439 950 47
464 884 555 969 adn.)
576 892 663 947 recte
687 883 860 948 iudicasset
889 883 1123 948 nominativum
1144 884 1271 970 ocalifl)
1302 907 1365 949 non

143 986 210 1073 ipsi
232 985 350 1052 Plauto
373 984 430 1050 sed
452 1007 573 1073 pravae
596 985 719 1051 librarii
748 985 961 1072 archetypum
990 984 1152 1049 exarantis
1189 985 1368 1073 scripturae

144 1087 267 1166 deberi,
283 1111 333 1154 res
350 1101 434 1153 esset
450 1088 568 1154 nullius
585 1089 721 1175 negotii3
744 1111 819 1152 nam
835 1098 950 1174 suapte
965 1097 1078 1173 sponte
1094 1086 1238 1174 prodiret
1253 1109 1365 1153 versus

232 1190 308 1257 Non
330 1202 466 1278 possunt
489 1192 567 1256 mihi
590 1192 736 1256 minaciis
760 1192 822 1256 tuis
845 1190 932 1255 hisce
956 1190 1041 1256 oculi
1063 1189 1211 1255 exfodiri.

149 1315 201 1358 me
224 1314 301 1359 vero
335 1314 437 1378 aeque
466 1316 505 1358 ac
533 1292 748 1359 Bitschelium
775 1292 989 1359 Ribbeckium
1018 1291 1097 1357 alios
1126 1292 1292 1376 utriusque
1324 1315 1370 1358 re-

146 1395 305 1463 censionis
345 1417 519 1462 consensus
554 1396 670 1462 retinet
708 1396 879 1483 quominus
913 1394 1116 1482 antiquitatis
1152 1395 1369 1461 testimonium

146 1511 361 1566 contemnam
407 1520 510 1584 neque
546 1510 652 1564 tamen
688 1497 823 1585 probare
862 1522 993 1586 possum
1026 1521 1125 1583 quarn
1159 1497 1369 1566 Hermannus

147 1623 286 1690 eumque
308 1612 438 1666 secutus
460 1600 646 1667 Rassowius
669 1624 780 1668 versus
801 1601 939 1667 formam
961 1601 1242 1667 commendarunt:

231 1701 308 1769 Non
331 1712 464 1789 possunt
486 1703 549 1767 tuis
572 1703 718 1768 minaciis
741 1704 830 1770 hisce
845 1705 946 1770 oculis
970 1705 1014 1769 mi
1036 1703 1185 1769 exfodiri.

148 1805 175 1871 si
198 1806 284 1871 enirn
306 1829 340 1870 re
365 1827 441 1870 vera
462 1807 495 1869 in
518 1805 696 1893 archetypo
722 1808 783 1872 suit
812 1807 899 1896 quod
926 1829 1025 1894 supra
1053 1805 1217 1885 contendi,
1254 1829 1369 1894 parum

147 1906 249 1974 habet
283 1905 520 1996 probabilitatis
548 1921 583 1974 ut
610 1909 655 1974 ita
683 1909 789 1974 dicam
819 1921 983 1976 externae.
1033 1908 1113 1973 mihi
1140 1919 1207 1973 tam
1246 1911 1369 1975 ratione

149 2031 248 2094 quam
271 2006 497 2095 probabilitate
526 2009 587 2074 hoc
610 2011 704 2076 unice
732 2010 951 2076 commendari
981 2010 1123 2087 videtur,
1159 2020 1194 2075 ut
1216 2011 1370 2079 eiciamus

149 2116 217 2190 turs,
240 2112 327 2195 quod
350 2122 416 2176 tam
440 2134 504 2176 non
527 2111 742 2197 desideratur,
773 2136 871 2200 quam
892 2114 988 2178 facile
1010 2113 1115 2198 potuit
1137 2112 1179 2178 ab
1201 2112 1372 2202 interpola·

149 2225 219 2281 tore
239 2214 325 2280 addi.
359 2213 446 2301 quod
468 2215 496 2279 si
511 2214 666 2295 delemus,
690 2216 778 2281 nulla
794 2226 961 2304 praeterea
975 2216 1152 2280 mutatione
1174 2217 1262 2281 facta
1284 2217 1371 2284 hunc

152 2340 282 2384 versum
302 2317 422 2383 Plauto
446 2317 486 2383 ab
509 2320 596 2384 omni
618 2331 710 2405 parte
733 2319 868 2406 dignum
892 2317 1063 2384 habemus:

235 2419 311 2488 Non
334 2434 468 2507 possunt
489 2421 569 2486 mihi
592 2422 739 2488 minaciis
762 2422 850 2488 hisce
872 2422 973 2487 oculis
997 2419 1146 2487 exfodiri.

149 2526 287 2590 minaciis
307 2525 510 2590 antecedenti
532 2526 596 2590 ooli
609 2528 748 2589 minitari
768 2526 888 2612 optime
909 2523 1098 2610 respondet:
1121 2522 1242 2602 ‚Drobe
1264 2524 1370 2590 nicht:

149 2628 253 2694 durch
279 2627 481 2715 Drohungen
503 2629 624 2694 kannst
646 2628 703 2694 Du
726 2629 787 2693 mir
809 2627 897 2693 diese
921 2627 1026 2692 meins
1045 2627 1167 2714 Augen
1189 2626 1280 2692 nicht
1300 2649 1370 2694 aus·

148 2730 288 2798 reissen‘.
332 2735 391 2795 tuis
413 2754 475 2796 non
498 2732 602 2817 magis
624 2753 707 2818 opus
730 2745 786 2809 est,
810 2754 908 2819 quam
930 2728 1119 2795 Truculenti
1150 2750 1246 2795 versu
1266 2751 1366 2817 supra

151 2832 258 2902 allato.
302 2836 350 2899 sic
373 2854 482 2898 omnes
506 2833 621 2901 turbae
642 2836 764 2922 optime
788 2834 865 2899 mihi
888 2833 1058 2921 expeditae
1082 2831 1240 2900 videntur.

187 2937 284 3004 Most.
307 2936 379 3002 760.
402 2937 464 3004 761

234 3035 282 3106 A:
306 3038 393 3106 Nam
415 3039 478 3106 sibi
500 3039 682 3106 laudavisse
706 3039 779 3130 [ai]t
800 3039 898 3104 hasce
919 3038 1172 3104 architectonem

304 3142 424 3210 Nescio
445 3166 542 3228 quem
557 3144 785 3209 exaedificatas
808 3164 877 3207 esse
893 3140 1074 3230 [insan]um
1096 3140 1208 3230 [bene]

236 3244 279 3335 B:
302 3245 390 3312 Nam
412 3246 475 3312 sibi
497 3245 647 3312 laudasse
669 3246 767 3311 hasce
790 3246 835 3311 ait
855 3245 1109 3311 architectonem

304 3346 425 3413 Nescio
448 3369 544 3437 quem
567 3371 636 3414 esse
659 3349 844 3414 aedificatas
868 3347 926 3413 has
948 3369 1026 3412 sane
1049 3346 1141 3413 bene.

154 3462 188 3515 ut
209 3449 332 3516 leviora
354 3451 493 3536 primum
519 3452 743 3537 expediamus,
766 3454 988 3538 exaedificatas,
1012 3449 1099 3539 quod
1114 3450 1149 3514 A
1170 3447 1314 3538 praebet,
1330 3449 1373 3513 ad

154 3555 305 3619 orationis
327 3554 498 3620 consilium
513 3556 698 3642 appositum
719 3567 860 3634 nonest,
883 3555 944 3619 nisi
959 3554 1115 3641 simplicis
1137 3550 1228 3618 verbi
1244 3552 1373 3617 notione

154 3656 318 3742 accipitur.
367 3656 424 3721 sed
453 3655 521 3724 eius
549 3659 637 3723 vocis
667 3659 733 3723 vim
761 3658 858 3723 aliam
885 3656 973 3745 apud
1000 3656 1155 3723 Plautum
1181 3678 1251 3722 esse
1279 3657 1374 3721 docet

159 3759 238 3823 Tria.
266 3758 325 3827 132
358 3759 434 3844 ‚Qui
468 3761 694 3827 exaedificaret
726 3783 819 3828 suam
851 3761 1035 3827 incohatam
1070 3759 1262 3847 ignaviam‘3
1296 3781 1370 3826 cum

153 3862 313 3948 gravitate
352 3863 438 3927 enim
477 3863 596 3929 dicitur
634 3888 692 3953 pro
732 3865 824 3949 vollip
863 3865 1029 3938 coebaneo,
1066 3863 1229 3932 calholica.
1291 3883 1374 3946 quae

154 3965 345 4052 significatio
379 3987 453 4031 cum
481 3965 556 4032 huic
586 3969 655 4031 loco
688 3989 750 4030 non
778 3967 965 4044 conveniat,
997 3987 1061 4029 non
1091 3963 1261 4029 mediocris
1295 3963 1370 4028 inde

155 4067 279 4134 accedit
294 4069 469 4133 auctoritas
485 4069 705 4135 Palatinorum
720 4068 909 4156 scripturae,
932 4069 988 4154 qui
1003 4066 1180 4133 sententiae
1196 4086 1374 4131 accommo-

155 4170 229 4235 date
252 4170 408 4258 praebent
436 4195 494 4236 esse
516 4175 700 4256 aedificatos.
743 4170 940 4258 Niemeyero
973 4181 1080 4235 autem
1102 4169 1270 4255 quaerenti
1296 4191 1375 4233 num

154 4275 366 4362 acaediflcctos
388 4297 407 4338 a
428 4276 639 4361 grammatico
669 4275 825 4363 scriptum
851 4295 920 4339 esse
943 4271 1123 4361 putandum
1146 4272 1187 4337 sit
1214 4270 1371 4338 obicimus

175 4552 177 4557 .
241 4499 263 4564 ¹)
281 4495 324 4552 cf.
341 4496 511 4552 Ritschelius
532 4498 581 4569 Op.
600 4496 632 4552 ΙΙ
649 4516 676 4567 p.
694 4499 745 4553 646
763 4511 832 4565 sqq,
849 4495 979 4566 inprimis
997 4512 1024 4565 p.
1042 4495 1100 4551 650.
