3038 5220
724 240 784 319 tm

153 448 232 522 Trio.
256 446 329 534 730,
357 455 475 521 B¹OD
495 457 582 521 Most.
598 456 677 533 30t3
702 480 827 543 prosum
844 456 872 520 P
893 459 974 524 Trio.
994 455 1084 537 1130,
1104 454 1166 521 OD
1189 452 1275 520 Pers.
1290 452 1360 531 477;

144 583 282 646 proteum
295 559 321 620 B
336 557 405 624 Cer.
416 557 458 621 lV
470 558 499 634 2,
505 558 556 621 32.
569 560 608 626 cf.
615 557 785 622 Bitscbelii
802 558 857 645 Op
860 560 936 645 ptit.
946 557 1097 645 Aptae.
1112 559 1234 644 Prolcp.
1242 580 1274 642 p.
1281 555 1362 627 CIV.

234 661 336 727 Paulo
358 661 592 724 inconstantius
609 659 782 725 Ritschelii
804 683 1005 726 successores
1027 682 1093 724 rem
1109 662 1208 724 etiam
1230 660 1266 724 in
1280 658 1363 724 verbi

148 777 313 827 monstrare
334 764 445 827 formis
462 761 638 828 scribendis
654 777 797 848 egerunt.
843 764 961 827 etenim
983 770 1155 849 postquam
1171 761 1362 826 Ritschelius

152 866 232 934 Trio.
255 865 317 929 342
344 876 376 928 et
398 864 461 929 948
484 887 524 928 ex
548 864 592 941 B,
621 865 684 928 920
705 886 747 928 ex
775 864 802 930 0
830 866 964 929 formam
1000 876 1146 928 mortrcre
1179 864 1321 950 recepit,
1348 885 1364 927 a

148 966 282 1033 Goetzio
305 989 356 1034 vv.
382 965 468 1031 Oarc.
491 967 563 1030 404.
583 965 656 1032 467.
673 965 746 1041 690,
769 989 965 1054 quamquam
988 968 1021 1031 in
1044 967 1181 1053 singulis
1202 967 1364 1033 codicibus

148 1078 248 1146 extat,
279 1069 397 1132 reiecta
421 1082 483 1144 est3
517 1068 548 1130 in
575 1067 754 1131 Poenoue
784 1081 906 1146 autem,
941 1068 996 1133 ubi
1027 1081 1306 1133 cornmoatrcremuc
1326 1070 1365 1146 A,

145 1183 441 1235 commonstraremtu
472 1171 510 1244 P,
549 1184 580 1236 et
614 1172 711 1248 1043,
745 1171 800 1237 ubi
831 1183 1006 1235 cornmcctra
1034 1171 1083 1253 A,
1112 1182 1311 1235 commonstra
1331 1169 1366 1247 P,

149 1297 221 1338 eam
243 1274 360 1338 iterum
382 1284 574 1359 receperunt
595 1273 748 1340 Goetzius
770 1271 995 1360 Loewiusque.

231 1375 472 1441 Studemundus
484 1377 563 1444 Mae.
576 1377 634 1441 Bb.
648 1375 742 1440 XXI
755 1399 784 1462 p.
792 1375 855 1439 616
867 1376 909 1439 ad
926 1377 1006 1444 Tria
1019 1375 1081 1441 848
1094 1375 1248 1440 adnotat:
1260 1375 1366 1456 ,baace

146 1480 189 1554 A,
213 1479 272 1542 has
295 1479 322 1542 P
351 1502 409 1544 aus
438 1480 574 1543 anderen
596 1479 801 1542 Recension‘.
834 1478 867 1541 in
888 1479 923 1542 A
953 1479 1009 1541 vix
1032 1476 1134 1542 rarius
1162 1499 1263 1561 quam
1285 1477 1320 1541 in
1341 1476 1368 1541 P

147 1580 312 1666 (videlicet
330 1582 357 1644 si
381 1603 434 1644 cos
458 1591 581 1644 tantum
605 1601 717 1645 versus
741 1580 884 1665 respicis,
907 1580 1017 1664 quiin
1040 1582 1075 1645 A
1096 1602 1226 1665 quoque
1249 1580 1367 1647 servati

147 1690 233 1766 sunt)
272 1682 431 1770 pleniores
466 1685 688 1768 pronominum
727 1683 1052 1747 demonstrativorum
1079 1685 1199 1747 formas
1227 1693 1368 1748 remotas

146 1808 214 1851 esse
243 1808 285 1850 ex
312 1786 482 1850 Schmidtii
515 1788 568 1870 (de
591 1809 680 1873 pron.
711 1788 788 1848 dem.
812 1787 908 1872 form.
938 1786 1041 1848 Plorat.
1071 1785 1179 1849 Berol.
1215 1786 1312 1871 1876)
1338 1796 1370 1850 et

144 1889 246 1975 ipsius
274 1888 489 1954 Studemundi
516 1890 633 1973 (annul.
661 1889 738 1974 plut.
771 1886 893 1953 CXIII
922 1911 950 1973 p.
979 1886 1132 1970 67-76)
1160 1887 1368 1952 collectaneis

147 1992 257 2056 elucet.
304 1992 412 2075 itaque
433 1991 459 2054 si
479 1990 557 2055 talia
580 1991 656 2055 inP
679 1990 722 2054 ad
745 2000 942 2055 correctores
957 1988 1125 2053 referenda
1148 2000 1233 2066 sunt,
1256 2012 1369 2056 eorum

144 2093 336 2157 industriam
359 2093 540 2179 parimodo
564 2094 596 2156 in
619 2107 756 2180 utraque
779 2093 964 2156 recensione
979 2114 1154 2177 agnoscere
1178 2093 1290 2171 deeet3
1313 2095 1369 2158 aed

147 2196 290 2259 mutandi
315 2204 420 2258 certas
444 2217 572 2259 normas
595 2196 651 2260 vix
676 2195 848 2282 quisquam
871 2193 1084 2279 indagaverit.

234 2299 350 2385 Neque
373 2301 477 2383 magis
501 2301 682 2384 quicquam
709 2298 816 2383 colligi
839 2307 944 2382 potest
967 2319 1008 2361 ex
1030 2298 1189 2383 frequenti
1212 2299 1370 2364 recensio·

145 2425 220 2467 num
245 2406 278 2466 in
294 2401 471 2465 scribendis
495 2401 769 2465 interiectionibus
788 2400 982 2480 diversitate,
1006 2422 1103 2486 quam
1126 2399 1370 2466 Studemundus

143 2504 262 2568 ibidem
286 2528 316 2591 p.
332 2503 395 2567 619
412 2526 456 2586 sq.
481 2503 555 2571 adn.
578 2502 619 2565 ad
640 2503 721 2565 llio.
740 2502 823 2566 1060
844 2504 971 2584 statuit3
996 2504 1037 2564 cf.
1066 2502 1146 2567 Trio.
1171 2502 1256 2570 1060
1279 2503 1370 2582 ‚aba

144 2607 278 2670 nimium
301 2605 439 2670 Stasime
464 2606 614 2669 saeviter‘
640 2604 673 2670 A
696 2605 866 2691 (Nonius);
898 2605 939 2666 tc
960 2603 1003 2680 P;
1026 2604 1067 2666 ci.
1089 2604 1183 2668 Pocn.
1205 2605 1271 2670 335
1294 2607 1370 2684 ,aba

144 2718 210 2772 tam
233 2708 379 2771 saeviter‘
401 2707 445 2784 A,
468 2705 612 2785 Nonius3
636 2708 676 2770 ab
697 2707 734 2775 P.
764 2707 845 2771 Trio.
868 2708 930 2773 649
953 2707 1014 2769 ola
1028 2706 1072 2783 A,
1095 2707 1135 2768 ab
1150 2705 1188 2771 P.
1210 2698 1274 2772 681
1290 2710 1332 2772 bo
1350 2734 1370 2773 o

143 2811 163 2875 i.
179 2834 207 2874 e.
231 2812 291 2874 aba
308 2809 348 2884 B,
372 2811 427 2873 tac
444 2809 515 2887 OD,
538 2812 597 2873 ata
617 2809 793 2896 Hauptius,
815 2812 849 2874 A
872 2811 970 2877 deest.
1014 2811 1107 2876 Pocn.
1125 2809 1188 2874 319
1211 2811 1287 2885 ,aha
1302 2834 1368 2877 nou

143 2915 261 2977 factost
283 2925 373 2998 opus‘
395 2914 443 2992 A3
468 2914 507 2975 ab
529 2912 566 2980 P.
611 2915 668 2978 sed
692 2914 790 2978 babes
813 2914 846 2977 in
870 2913 899 2978 P
921 2915 982 2976 otc
1005 2912 1073 2979 Coa.
1089 2913 1144 2977 Ill
1162 2913 1228 2990 6,7
1253 2915 1368 3002 (etiam

142 3016 175 3079 in
199 3016 256 3101 A).
290 3016 403 3080 Bacclr.
427 3015 478 3080 87.
502 3017 572 3082 810.
622 3016 705 3082 Troe.
735 3016 798 3079 366
829 3015 902 3093 ,abi
926 3018 934 3100 ll
957 3016 1013 3093 ba,
1043 3016 1207 3102 aspersisti
1237 3029 1369 3102 aquam‘

143 3119 187 3195 A,
226 3119 316 3181 adiab
349 3118 521 3203 lacaperaista'
546 3118 567 3184 i.
591 3141 617 3181 e.
641 3119 700 3182 ati.
731 3119 739 3203 ll
773 3118 979 3204 abloaperatbtt'
998 3119 1037 3183 P.
1086 3120 1196 3186 Pacud.
1220 3121 1284 3184 988
1313 3123 1369 3186 cbo

142 3221 181 3298 P,
204 3222 241 3284 ob
263 3222 295 3283 A
318 3221 373 3304 (ef.
397 3219 545 3283 lroewius
567 3222 661 3285 Anat.
684 3223 788 3285 Plorat.
813 3244 845 3307 p.
870 3222 957 3305 171).
1001 3224 1083 3287 Pera.
1106 3222 1169 3287 406
1192 3245 1225 3287 co
1246 3223 1285 3307 P,
1314 3226 1369 3289 cbo

143 3323 266 3398 Aldin,
290 3322 327 3385 ot
348 3322 391 3385 A.
437 3322 504 3387 Mil.
526 3323 603 3407 plor.
620 3323 661 3387 36
685 3326 766 3388 obern
780 3327 824 3402 A,
852 3326 918 3388 tem
933 3324 1004 3401 OD,
1028 3347 1074 3388 em
1089 3325 1127 3389 B.
1172 3327 1287 3390 Pseud.
1302 3327 1367 3392 912

143 3426 209 3488 bern
231 3425 280 3501 A,
311 3425 393 3487 ebena
415 3423 453 3500 P,
476 3433 512 3488 ut
536 3447 563 3490 v.
587 3425 659 3489 875.
704 3427 771 3492 Mil.
793 3428 868 3512 plor.
900 3427 964 3492 394
986 3451 1021 3492 eu
1043 3429 1075 3493 A
1101 3429 1197 3507 bene3
1233 3428 1305 3493 beas
1327 3429 1366 3494 P.

143 3528 207 3591 366
234 3549 280 3589 em
297 3526 376 3609 AB,
405 3528 472 3589 bem
494 3524 562 3594 OD.
612 3528 694 3590 liae.
718 3529 779 3592 371
803 3530 870 3592 beia
887 3531 935 3606 A3
959 3533 1002 3593 od
1017 3531 1164 3595 =eiaP.
1194 3530 1230 3595 in
1248 3532 1367 3598 talibus

4 3700 7 3704 ⁴
144 3640 251 3692 autem
276 3630 418 3691 minutiis
441 3628 646 3693 librariorum
669 3629 793 3693 incuria
817 3630 969 3695 facillime
992 3635 1117 3719 peccari
1141 3635 1255 3721 potuit.

234 3731 313 3793 Trio
338 3731 379 3794 24
402 3731 434 3793 in
456 3732 488 3793 A
512 3743 560 3794 est
582 3735 728 3808 immone,
757 3744 787 3794 et
818 3754 889 3796 eum
914 3754 961 3811 eo,
992 3746 1028 3800 ut
1056 3758 1190 3821 semper,
1216 3739 1367 3824 congruit

142 3832 233 3895 Festi
266 3833 404 3916 epitome
432 3855 463 3916 p.
497 3834 567 3910 109,
590 3833 646 3911 23;
679 3835 719 3897 ad
750 3835 889 3920 priscam
918 3849 1026 3901 autem
1057 3839 1192 3902 formam
1220 3842 1368 3904 immoene

144 3935 233 3997 ducit
256 3957 313 3997 nos
338 3934 561 3998 Palatinorum
591 3937 751 4020 scriptura
778 3940 902 4005 inmene.
945 3939 978 4003 in
1001 3941 1034 4004 A
1059 3950 1168 4004 autem
1195 3939 1246 4005 bis
1276 3963 1367 4028 prae·

144 4047 231 4100 terea
256 4037 366 4100 eadem
391 4037 544 4100 eorrectio
566 4038 723 4102 cernitur:
759 4041 827 4102 Mil.
843 4042 919 4126 plor.
936 4042 1000 4107 690
1021 4065 1172 4107 manaem
1189 4043 1228 4123 A,
1252 4046 1367 4108 ueneat

142 4137 214 4219 ΒΟ,
237 4139 271 4202 in
300 4162 362 4225 quo
384 4139 484 4202 latere
506 4161 669 4202 macconem
691 4139 839 4205 boewius
868 4143 961 4227 vidit3
994 4145 1033 4212 cf.
1056 4145 1119 4213 910
1146 4149 1303 4210 eiecoaur
1326 4147 1368 4226 B,

142 4241 228 4304 unde
258 4244 286 4304 ei
307 4253 436 4304 coarctor
463 4240 669 4306 Ribbeckius.
718 4244 802 4306 Trac.
826 4243 889 4311 310
910 4248 1105 4310 manaucate
1126 4248 1169 4322 A,
1197 4234 1368 4314 monenda

143 4344 161 4406 i.
185 4365 213 4406 e.
234 4345 415 4406 accendendis
436 4341 473 4424 P,
509 4342 549 4406 de
584 4366 647 4427 quo
676 4345 746 4410 loco
776 4347 826 4432 egi
858 4372 889 4434 p.
912 4349 964 4413 46.
1015 4353 1146 4414 inmunia
1173 4360 1240 4415 tam
1269 4353 1302 4415 in
1333 4354 1367 4418 A

145 4467 242 4530 quam
263 4445 297 4507 in
318 4443 347 4507 P
370 4454 459 4507 extat
486 4445 566 4508 Tan.
590 4446 664 4512 354.
