3038 5220
656 246 858 350 *Q-
889 194 894 202 .

146 454 300 521 credendi
322 469 413 521 sunt:
437 463 545 519 tamen
567 468 738 541 postquam
761 456 994 542 discrepantias
1014 478 1098 541 qnae
1119 455 1183 523 buc
1204 459 1367 545 pertinent

150 558 297 634 attulero,
320 580 378 644 per
400 579 510 622 earum
533 570 682 624 naturam
704 571 737 624 et
757 557 995 625 multitudinem
1016 581 1082 624 non
1103 558 1215 626 licebit
1234 561 1269 625 in
1290 583 1369 629 casu

147 659 418 748 neglegentiaque
455 660 660 726 librariorum
697 661 827 726 unicam
867 659 1089 726 diversitatum
1125 684 1258 728 cansam
1295 685 1368 729 con·

148 765 281 852 spicere.
326 787 367 828 an
389 765 525 828 fortasse
548 763 590 828 ad
612 764 842 849 grammaticos
864 775 1060 828 correctores
1075 764 1208 830 mem
1231 765 1368 832 redeam

147 878 272 933 tantum
295 889 359 931 non
382 867 519 934 omnes?
540 878 572 930 at
594 865 879 953 grammaticorum
905 864 940 929 in
961 866 1146 931 universum
1168 866 1249 931 nibil
1271 867 1365 934 inter·

146 970 208 1036 fuit
230 980 266 1034 ut
287 968 434 1034 ordinem
457 968 628 1034 verborum
659 979 835 1046 mutarent3
868 968 993 1034 sivero
1014 969 1115 1035 nibilo
1136 971 1243 1038 minus
1265 984 1369 1041 muta·

148 1082 278 1149 rerunt,
307 1078 419 1158 aperte
447 1081 569 1136 certam
599 1093 743 1135 normam
771 1070 955 1156 corrigendi
983 1069 1243 1152 observaremus,
1266 1097 1365 1162 quam

146 1186 202 1241 aut
224 1173 377 1239 alteruter
400 1184 456 1238 aut
478 1184 613 1261 uterque
634 1174 856 1239 recensionum
879 1185 991 1239 auctor
1012 1185 1140 1240 secutus
1162 1187 1256 1241 esset
1277 1199 1316 1241 ac
1330 1199 1367 1242 re

147 1300 224 1344 vera
246 1299 425 1364 permagno
458 1298 592 1342 numero
619 1276 763 1342 locorum
789 1276 824 1339 in
851 1287 990 1360 utraque
1016 1277 1203 1343 recensione
1229 1301 1305 1344 eum
1333 1279 1368 1344 in

147 1381 279 1446 modum
308 1379 464 1445 correctio
499 1380 585 1442 facta
613 1391 675 1452 est,
703 1389 739 1443 ut
766 1377 867 1443 verba
892 1400 976 1465 quae
1009 1393 1116 1444 mente
1143 1380 1370 1469 coniungenda

145 1495 237 1549 erant
259 1483 355 1547 etiam
383 1481 416 1545 in
440 1502 534 1545 versu
557 1503 655 1568 quam
681 1481 827 1568 proxime
849 1480 1100 1559 collocarentnr3
1129 1482 1242 1569 quales
1263 1494 1365 1550 muta

146 1587 250 1650 tiones
265 1596 301 1650 ut
320 1608 339 1648 a
354 1584 574 1671 grammaticis
591 1582 751 1672 proficisci
766 1583 909 1669 potuisse
925 1606 1012 1650 nunc
1026 1585 1158 1672 quidem
1179 1586 1369 1674 largiamur,

145 1688 190 1755 ad
212 1710 369 1773 quosnam
395 1698 543 1752 auctores
570 1687 746 1752 referemus
774 1709 901 1764 versus,
929 1708 1067 1771 quorum
1093 1686 1313 1755 diversissima
1333 1691 1368 1756 in

147 1787 386 1856 recensionibns
414 1788 569 1853 memoria
596 1799 656 1864 est,
683 1809 788 1872 neque
816 1800 922 1853 tamen
952 1788 1080 1877 quade
1107 1812 1207 1856 caum
1233 1792 1370 1859 mutatio

145 1893 232 1958 facta
264 1892 306 1957 sit
333 1891 385 1956 vel
417 1891 580 1956 levissimo
607 1890 727 1955 indicio
755 1892 956 1956 ostenditur?
990 1893 1082 1958 onius
1108 1893 1155 1957 rei
1183 1893 1370 1982 exemplum

146 2018 245 2083 quam
267 1994 407 2060 maxime
429 1993 637 2059 memorabile
659 2014 861 2080 praeoccupo
883 1995 995 2059 Pseud.
1016 1994 1081 2058 446

233 2117 280 2180 A:
301 2114 469 2182 Scelerum
491 2125 600 2200 caput,
623 2113 675 2178 hic
696 2114 839 2199 corrupit
863 2113 942 2178 mihi
963 2113 1065 2179 filium

238 2215 282 2282 P:
304 2216 371 2282 Hic
393 2216 471 2281 mihi
495 2216 671 2304 corrumpit
680 2219 706 2303 ¹)
727 2216 839 2298 filium,
862 2216 1019 2282 scelerum
1042 2231 1150 2305 caput.

150 2336 205 2402 ubi
228 2359 326 2422 qnam
353 2336 495 2401 maxime
522 2347 658 2423 apparet
685 2358 790 2421 neque
816 2357 894 2402 casu
916 2335 1001 2400 banc
1028 2335 1244 2400 differentiam
1265 2350 1371 2404 ortam

150 2462 220 2505 esse
241 2450 274 2504 et
288 2439 498 2505 Ambrosiani
515 2461 644 2504 versum
665 2438 761 2524 longe
779 2437 892 2502 cedere
907 2437 1083 2522 Palatinis;
1103 2438 1162 2504 aed
1182 2438 1371 2506 obsmnast

151 2565 237 2607 mum
261 2554 310 2609 est
331 2565 396 2628 qua
418 2543 458 2606 de
480 2563 579 2607 causa
605 2541 750 2607 omnium
776 2540 947 2606 verborum
969 2538 1116 2605 ordinem
1141 2542 1293 2608 everterit
1312 2543 1371 2628 qui

150 2645 236 2711 illam
262 2648 399 2712 formam
422 2646 598 2710 constituit.
632 2666 728 2730 porro
750 2643 829 2728 quid
850 2644 994 2709 dicemus
1010 2643 1050 2709 de
1072 2643 1112 2708 iis
1135 2643 1293 2722 versibus,
1312 2645 1371 2712 ubi

153 2750 184 2813 in
207 2750 309 2815 altera
335 2748 522 2815 recensione
543 2747 644 2812 verba
671 2769 768 2813 sensu
790 2746 1017 2834 coniungenda
1043 2745 1142 2810 etiam
1163 2745 1198 2810 in
1219 2747 1369 2833 proxima

151 2851 315 2916 vicinitate
347 2866 435 2916 recte
468 2851 624 2916 collocata
657 2861 747 2931 sunt,
782 2851 816 2913 in
841 2851 944 2915 altera
968 2848 1052 2914 falso
1086 2848 1144 2914 sed
1170 2860 1275 2916 metro
1305 2873 1373 2916 non

152 2956 269 3020 violato
302 2955 462 3040 dirempta
494 2953 726 3020 inveniuntur?
759 2964 795 3019 ut
828 2953 882 3017 bic
915 2975 1044 3041 quoque
1076 2951 1262 3041 exemplum
1293 2953 1370 3020 ilico

152 3057 299 3136 aderam,
332 3061 365 3123 in
393 3060 478 3123 Troe.
502 3058 564 3123 268
601 3080 695 3121 nemo
724 3056 852 3123 dubitat
882 3057 961 3141 quin
987 3055 1019 3120 P
1038 3065 1073 3121 et
1100 3053 1228 3121 Nonius
1255 3077 1371 3123 rerum

153 3161 321 3227 verborum
343 3161 488 3226 ordinem
510 3159 727 3226 servaverint:

234 3264 305 3328 Iam
328 3263 435 3328 hercle
457 3285 518 3349 ego
541 3263 594 3328 hic
616 3276 667 3340 te,
689 3262 846 3345 mulier,
869 3261 963 3346 qnasi
985 3283 1041 3327 sus
1063 3259 1202 3338 catulos,
1229 3257 1370 3344 pedibus

1086 3373 1155 3428 mle

154 3492 232 3555 quos
254 3479 368 3535 contra
383 3470 414 3533 A
436 3491 478 3535 ex
492 3478 608 3556 aperta
622 3467 820 3533 correctione
836 3466 924 3533 bunc
941 3384 1105 3531 versumpa
1119 3383 1369 3531 ωοῖτῗιιὶιιίιιο

152 3572 400 3661 vituperandum
421 3570 569 3657 praebet:

239 3879 260 3948 ¹)
277 3880 402 3949 canapo
429 3883 580 3949 antequam
603 3896 638 3933 ex
661 3881 688 3934 A
706 3877 881 3933 enucleatum
907 3880 952 3931 eat
975 3873 1115 3945 Bergkiu
1144 3872 1193 3942 (ct
1218 3872 1372 3928 Iumina

151 3960 214 4018 adn.
226 3963 288 4018 crit.
300 3963 338 4017 ad
346 3967 384 4029 r.)
394 3967 565 4030 coniecerat;
577 3963 628 4018 sed
639 3965 784 4034 cornrmpit
794 3978 969 4031 nequaquam
980 3959 1171 4026 intolerabile3
1182 3957 1372 4028 etapium

157 4063 228 4116 quae
246 4047 328 4103 illam
346 4049 502 4118 corrumpit
517 4048 589 4114 tibi‘,
612 4065 778 4117 quamquam
795 4048 831 4102 de
848 4048 995 4102 meretrice
1016 4060 1106 4098 sermo
1123 4047 1175 4108 eat,
1197 4059 1290 4112 ,quan
1305 4047 1372 4096 tuna

150 4137 250 4203 μὲν
267 4149 377 4188 ennon
393 4134 520 4188 multoe
537 4133 656 4197 deamat,
674 4133 796 4202 deperit,
819 4131 876 4186 Ubi
893 4131 1032 4199 fidemque
1048 4146 1163 4198 remque
1178 4145 1265 4197 acque
1281 4132 1368 4196 teque

150 4221 286 4288 properat
303 4218 429 4288 perdere¹
445 4221 483 4286 (r.
500 4220 626 4286 219sq.);
648 4218 684 4272 cl.
700 4218 800 4272 Boset
816 4218 868 4272 419
882 4234 923 4285 aq.
941 4215 1016 4280 ,Non
1031 4215 1108 4278 rino,
1131 4229 1222 4283 neque
1239 4213 1371 4282 equide-

150 4301 232 4357 sslnm
253 4320 299 4358 me
322 4303 388 4357 vivo
414 4304 594 4372 corrumpi
620 4303 719 4357 sinam.
753 4301 810 4356 Sed
832 4306 864 4354 tu
885 4302 935 4370 qui
956 4317 1009 4370 pro
1025 4304 1085 4353 lam
1105 4301 1278 4367 corrupto
1298 4295 1373 4350 dieis

149 4403 263 4443 cauum
287 4387 356 4443 lilio‘
373 4405 398 4442 e.
415 4405 441 4457 q.
459 4405 481 4442 a
523 4387 622 4444 Boccl.
642 4387 715 4449 1190,
740 4403 795 4455 quo
817 4386 881 4440 loco
904 4386 961 4452 ,ubi
978 4385 1054 4439 filins
1071 4387 1268 4454 corrumpatur
1283 4386 1372 4436 ιω(

150 4470 186 4529 de
202 4471 265 4528 lilio
280 4473 338 4526 iam
355 4471 466 4543 pridem
483 4478 618 4543 corrupto
635 4472 747 4527 dieitur.
