3038 5220
781 270 822 335 26

703 360 901 369 ..au—.—

193 482 317 538 mutare
341 471 539 554 studuerunt,
562 484 598 537 nt
616 472 821 560 Megaronidi
839 472 1000 558 assignari
1020 473 1133 559 possit3
1168 471 1257 537 velut
1274 471 1423 540 Bothius

195 585 227 640 et
252 573 451 641 Ritacbelius
485 575 681 662 scripserunt
712 576 835 664 ,Ipsum
862 575 961 640 adeas
988 573 1220 657 Lesbonicum,
1262 573 1422 641 edoctum

193 687 229 743 ut
244 699 296 743 ree
311 700 346 743 se
361 676 478 745 babet‘
509 678 622 762 inquo
639 700 750 743 omnes
764 678 883 743 frustra
898 677 1027 744 fuerunt
1042 688 1169 764 praeter
1182 674 1421 761 Ribbeekium,

193 780 248 866 qui
263 790 388 864 partem
403 781 471 845 veri
487 779 684 868 perspiciens
709 781 846 846 coniecit
867 779 989 867 ,Ipsum
1006 779 1121 845 adeas
1138 779 1357 845 Lesbonicum
1375 818 1422 831 --

192 879 319 947 CALL.
350 881 504 949 edoceam
532 895 646 949 utres
674 905 708 947 se
737 881 855 948 habet?
895 882 942 948 Ut
967 904 1028 968 ego
1058 891 1153 948 nunc‘
1183 904 1211 948 e.
1233 904 1263 968 q.
1280 904 1322 961 s.;
1356 883 1420 950 sed

191 1005 232 1049 ne
264 987 292 1049 ie
329 984 457 1074 quidem
485 1007 554 1051 rem
585 986 735 1072 persenit,
763 984 851 1072 quod
882 985 951 1050 sine
973 983 1038 1051 ullo
1072 985 1306 1051 sententiarum
1339 985 1414 1053 dis·

191 1086 326 1151 crimine
352 1086 500 1152 diversae
519 1087 807 1173 interrogationum
835 1086 956 1154 formae
974 1085 1116 1153 evadunt
1138 1089 1285 1163 edoceam,
1308 1099 1344 1153 ut
1364 1112 1423 1176 epo

192 1190 330 1253 indicere.
375 1200 408 1254 at
436 1188 595 1277 quomodo
617 1187 688 1254 loco
716 1189 945 1256 consulendum
968 1191 1020 1268 eit,
1049 1213 1091 1255 ex
1114 1191 1241 1275 integra
1261 1189 1421 1257 codicum

192 1293 347 1356 memoria
377 1288 474 1357 facile
502 1291 713 1377 intellegitur:
742 1314 871 1359 versum
903 1293 989 1358 enim
1018 1293 1091 1371 749,
1120 1304 1155 1358 ut
1179 1293 1213 1357 in
1245 1292 1421 1360 codicibus

193 1404 298 1476 extat,
328 1392 456 1460 Callicli
477 1393 677 1460 reddendum
701 1415 772 1460 esse
792 1417 924 1481 prorsus
946 1406 1068 1460 eertum
1091 1407 1149 1460 est
1189 1394 1267 1482 qnid
1289 1396 1421 1481 igitur?

194 1517 300 1561 nonne
312 1508 447 1583 apparet
457 1497 540 1561 inter
550 1519 583 1561 v.
597 1496 658 1562 748
675 1505 706 1561 et
719 1496 780 1564 749
795 1495 998 1562 intercidisse
1011 1520 1151 1580 versum,
1167 1519 1232 1585 quo
1243 1498 1421 1565 consilium

194 1596 274 1663 illud
305 1596 524 1683 Megaronidis
554 1595 777 1686 aperiebatur,
804 1599 962 1687 cuiusque
987 1601 1180 1665 sententiam
1205 1611 1302 1687 atque
1330 1600 1421 1668 adeo

195 1699 296 1766 verba
316 1701 422 1786 prima
449 1723 523 1766 cum
545 1723 577 1765 v.
596 1698 658 1766 749
686 1702 777 1766 initio
798 1703 1000 1788 conspirasse
1021 1703 1089 1768 lere
1114 1703 1333 1768 necessarium
1364 1717 1417 1771 est

193 1800 347 1867 eredere?
384 1812 526 1867 attamen
550 1802 694 1887 quaestio
709 1801 850 1868 nondum
874 1803 1021 1871 absoluta
1043 1817 1100 1871 cst.
1138 1805 1256 1871 etenim
1279 1817 1316 1871 ut
1339 1829 1421 1874 cum

192 1904 227 1970 A
249 1904 334 1969 hanc
356 1904 421 1970 loci
442 1905 674 1970 restitutionem
697 1905 910 1991 accipiamus:

194 2023 256 2088 748
278 2023 353 2092 Mu.
377 2023 470 2106 Vide,
490 2023 523 2088 -si
544 2024 606 2088 hoe
627 2021 739 2089 utibile
762 2023 866 2110 magis
889 2036 986 2109 atqne
1007 2025 1041 2089 in
1064 2045 1132 2090 rem
1154 2025 1292 2112 deputas
1316 2111 1319 2118 Ι

194 2125 278 2190 7481
385 2127 403 2166 8
557 2127 576 2165 ἢ
729 2126 747 2164 *
899 2128 918 2166 2
1072 2129 1089 2166 *
1241 2128 1260 2169 *

196 2227 258 2291 749
280 2225 410 2295 GALL.
432 2226 546 2312 Ipsum
569 2227 684 2292 adeam
699 2225 927 2306 Lesbonicum,
950 2226 1103 2293 edoceam
1125 2239 1233 2294 utres
1255 2251 1290 2294 ee
1306 2226 1420 2310 habet,

194 2329 258 2395 750
280 2329 368 2420 [Sed]
392 2329 438 2396 Ut
458 2351 520 2416 ego
541 2352 628 2396 nunc
650 2329 848 2396 adulescenti
870 2351 897 2394 e.
921 2353 952 2418 q·
976 2352 1011 2414 a,

193 2451 228 2515 id
253 2451 360 2536 ipsum
394 2448 598 2535 relinquitur,
632 2449 719 2534 quod
753 2461 864 2515 contra
885 2441 1111 2515 ²Ribbeckium
1146 2449 1303 2532 diximus,
1341 2473 1421 2518 cum

194 2552 402 2618 similitudine
449 2553 679 2619 sententiarum
733 2572 879 2639 pugnare
930 2543 1074 2615 diversas
1123 2549 1420 2636 interrogationum

193 2658 326 2734 formas,
350 2677 490 2741 quarum
507 2655 589 2722 duae
612 2655 735 2743 priores
758 2675 815 2742 per
837 2653 942 2718 solum
964 2651 1213 2729 coniunctivum,
1237 2651 1335 2718 tertia
1359 2677 1421 2742 per

195 2758 453 2825 coniunctionem
484 2757 685 2846 exprimitur.
726 2757 834 2823 versui
857 2765 964 2821 autem
987 2754 1051 2820 750
1072 2775 1112 2818 ne
1133 2753 1262 2820 finalem
1284 2767 1420 2824 senten·

195 2861 273 2926 tiam
293 2859 483 2939 tribuamus,
505 2860 582 2925 satie
605 2872 721 2926 cavent
749 2857 847 2924 verba
869 2870 902 2922 ut
927 2880 981 2944 epo
1007 2856 1250 2944 interrogationi
1272 2866 1418 2941 tantum·

195 2963 291 3028 modo
318 2974 403 3049 apta.
463 2963 572 3048 itaque
607 2985 680 3028 cum
707 2965 819 3053 aprum·
841 2960 922 3025 illud
956 2950 1041 3024 stare
1069 2972 1224 3044 nequeat,
1252 2959 1420 3030 Palatinis

196 3065 303 3153 potius
326 3063 464 3131 ducibus
494 3077 527 3129 ut
549 3065 716 3130 restituere
731 3064 947 3130 necessarium
966 3064 1033 3132 erit.
1077 3075 1174 3147 atque
1190 3061 1236 3126 ele
1258 3061 1285 3126 si
1303 3066 1421 3132 statui·

196 3191 282 3246 mus,
312 3169 384 3232 luce
407 3154 525 3232 clarius
547 3178 595 3232 est
616 3169 715 3254 ipsum
737 3189 778 3231 ex
800 3165 985 3231 recensione
1004 3174 1116 3230 natum
1132 3186 1217 3244 eese3
1240 3164 1297 3229 sed
1312 3180 1423 3234 restat

196 3271 297 3335 altera
318 3270 406 3335 illius
427 3269 662 3356 discrepantiae
683 3268 904 3355 interpretatio
925 3289 990 3333 non
1012 3265 1117 3333 miuus
1139 3265 1325 3354 probabilis,
1352 3292 1424 3356 qua

197 3384 329 3460 accepta
356 3395 420 3437 non
447 3371 522 3437 licet
548 3371 770 3437 Palatinarum
801 3370 1029 3458 praestantiam
1062 3366 1123 3435 hoe
1151 3369 1282 3454 quidem
1317 3393 1425 3441 versu

196 3473 339 3540 laudare.
386 3496 525 3559 namque
549 3473 577 3538 si
598 3495 724 3539 mecum
755 3472 934 3538 memineris
954 3472 1108 3552 locorum,
1140 3494 1220 3557 quos
1243 3472 1283 3537 de
1300 3473 1422 3542 Pscttd.

198 3600 229 3643 v.
253 3577 422 3643 138-140
444 3576 612 3664 disputans
635 3598 666 3664 p.
690 3575 732 3640 10
753 3574 817 3638 iam
841 3574 942 3652 attuli,

265 3699 375 3762 Pseud.
399 3695 462 3761 140
496 3696 547 3761 A:
568 3693 644 3760 Hoc
665 3715 774 3759 eorum
797 3692 982 3758 officiumst:
1004 3693 1139 3760 mavelis

501 3798 545 3864 P:
569 3795 644 3862 Hoc
666 3806 714 3862 est
735 3818 845 3862 eorum
867 3809 1021 3882 opus,ut
1043 3795 1177 3863 mavelis

285 3917 377 3984 Stich.
394 3916 457 3983 299
492 3918 542 3983 A:
566 3916 620 3984 Sic
648 3916 710 3982 hoc
738 3915 864 3982 videtur
891 3914 970 3981 mihi
998 3917 1102 4005 magis
1138 3916 1326 3983 convenire:
1367 3921 1426 3987 ad·

808 4040 941 4084 vorsum
963 4019 1073 4084 veniat

501 4137 545 4205 P:
568 4136 743 4204 adversum
764 4148 806 4203 ut
827 4137 936 4203 veniat

286 4257 377 4329 stat.
393 4257 458 4322 594
493 4257 668 4324 Acunum
690 4256 751 4323 hoc
767 4266 887 4345 potestr
914 4256 971 4322 ubi
993 4255 1148 4322 convivae
1175 4254 1325 4338 abierint,
1352 4272 1430 4331 tum

807 4371 848 4424 ut
870 4359 981 4426 venias

500 4460 545 4531 P:
569 4472 637 4528 tum
659 4462 769 4527 veniae
