3038 5220
787 234 830 297 24

145 471 148 475 <
202 437 324 524 plicat‘.
367 447 403 502 ut
425 459 521 502 versu
541 437 722 504 Trinummi
737 439 800 503 252
823 438 1033 505 Ambrosiani
1055 438 1247 523 scripturam
1275 436 1433 519 reiciam,

205 536 349 603 adducor
382 540 452 603 Mil.
480 541 555 625 plor.
587 564 617 603 v.
646 541 719 619 693,
752 541 808 607 ubi
836 543 1022 628 plicatricem
1050 539 1293 607 Studemundus
1325 561 1371 604 ex
1403 540 1437 604 A

202 634 352 706 restituit.
396 654 497 706 artem
521 654 628 708 autem
648 645 785 709 vestium
807 645 970 731 eleganter
987 642 1212 728 plicandarum
1227 639 1433 707 mulieribus

203 745 329 831 graecis
356 745 502 832 inprimis
529 767 626 810 curae
648 747 748 810 luisse
771 758 803 811 et
825 769 844 810 a
866 745 1005 831 propriis
1028 744 1129 809 servis
1153 743 1335 808 exercitam
1359 765 1438 810 enee

202 857 314 912 notum
335 858 391 912 est.

286 951 397 1015 Pacrd.
414 949 487 1015 153.
530 949 579 1014 A:
601 949 676 1015 Hoc
699 951 854 1016 videas:
878 949 959 1014 alias
982 970 1033 1014 res
1056 960 1165 1034 agunt

539 1050 582 1115 P:
606 1052 677 1118 Hoc
701 1054 791 1118 vide
814 1054 868 1118 sis
889 1065 931 1118 ut
954 1052 1034 1116 alias
1056 1072 1107 1116 res
1129 1061 1241 1136 agunt.
1328 1052 1331 1057 ’

286 1153 452 1218 Palatinos
480 1154 522 1218 ad
551 1155 661 1220 Plauti
696 1178 799 1242 genus
827 1154 955 1220 dicendi
983 1155 1084 1219 multo
1106 1153 1240 1238 propius
1267 1151 1439 1218 accedere

205 1279 303 1341 quam
324 1255 578 1321 Ambrosianum
600 1257 750 1323 Loewins
774 1260 882 1343 (Anat
898 1260 1002 1322 Ploat.
1024 1279 1056 1342 p.
1074 1255 1150 1340 163)
1174 1255 1440 1334 demonstravit-3

204 1358 259 1443 qui
281 1358 459 1443 genuinum
475 1358 619 1424 ordinem
633 1361 806 1427 verborum
829 1361 900 1439 ,hoc
922 1361 965 1424 sis
981 1359 1055 1425 vide
1070 1368 1115 1425 ut‘
1139 1358 1247 1425 multis
1263 1358 1438 1443 exemplis

203 1459 447 1548 comprobatum
470 1474 558 1527 certa
580 1463 800 1529 emendatione
821 1463 993 1528 restituens
1014 1462 1109 1527 simul
1131 1461 1298 1548 perspexit
1322 1465 1438 1530 uidear
1514 1494 1515 1499 ¹

204 1563 238 1626 in
269 1562 345 1628 Aa
373 1574 551 1628 correctore
585 1563 718 1629 metrico
750 1564 957 1631 substitutum
990 1586 1075 1642 esse,
1114 1564 1205 1631 cuius
1239 1566 1438 1633 mutationis

206 1688 304 1731 causa
340 1665 374 1728 in
418 1665 589 1750 propatulo
627 1677 685 1732 cst.
743 1667 776 1731 in
812 1668 990 1754 archetypo
1027 1667 1111 1732 enim
1148 1665 1362 1732 Ambrosiani
1403 1681 1438 1735 et

202 1767 424 1833 Palatinarum
451 1767 516 1831 iam
545 1768 657 1833 eadem
679 1769 849 1835 verborum
873 1768 1039 1835 collocatio
1062 1766 1203 1845 extabat,
1234 1789 1321 1852 quae
1345 1768 1383 1832 in
1407 1768 1439 1835 P

204 1880 343 1935 aetatem
372 1868 460 1946 tulit:
494 1869 588 1950 unde,
622 1884 658 1935 ut
685 1883 786 1937 metro
814 1871 1021 1958 pessumdato
1047 1869 1236 1948 consuleret,
1263 1881 1440 1938 corrector

202 1973 257 2038 ille
281 1972 385 2037 deleto
405 1974 446 2036 air
467 1984 500 2036 et
519 1984 553 2036 ut
574 1973 650 2038 lecit
672 1974 830 2051 ,videas
858 1973 960 2039 alias
981 1994 1033 2038 res
1055 1981 1177 2058 agrmt‘.

294 2075 376 2139 Trio.
401 2075 462 2140 186

358 2177 407 2246 A:
428 2176 537 2241 Hasce
560 2178 638 2243 mihi
661 2191 792 2266 propter
813 2200 864 2243 res
887 2177 988 2242 malas
1010 2177 1112 2241 famas
1135 2178 1242 2241 lerunt

357 2278 401 2343 P:
423 2279 566 2344 Hascine
590 2288 639 2344 me
662 2294 792 2366 propter
814 2304 865 2346 res
888 2280 1075 2347 maledictas
1097 2279 1342 2351 lamaslarunt⁴

289 2379 498 2445 Ambrosiani
527 2405 654 2448 versum
681 2385 854 2450 correctori
881 2382 990 2449 deberi
1013 2381 1114 2447 tribus
1136 2381 1241 2446 causis
1265 2383 1436 2466 arguitur.

205 2482 339 2568 praebet
355 2483 440 2547 enim
456 2505 568 2548 versus
590 2485 712 2550 exitum
735 2486 845 2563 ,malas
868 2487 971 2550 lamas
993 2485 1121 2560 ferunt‘,
1144 2482 1272 2568 qualem
1286 2481 1438 2553 Plautus

206 2584 316 2649 sedulo
339 2584 433 2662 vitat:
469 2587 567 2649 molas
596 2608 652 2672 pro
673 2589 837 2652 mobdicae
867 2588 942 2671 (hoc
965 2587 1049 2651 enirn
1071 2586 1170 2650 latere
1194 2587 1226 2650 in
1249 2585 1438 2653 maledictae

207 2686 328 2750 dudum
362 2701 566 2772 perspectum
595 2690 655 2776 est)
680 2690 773 2754 foede
799 2690 1043 2775 interpolatum,
1072 2691 1157 2753 barca
1185 2687 1354 2757 subditum
1382 2702 1438 2764 est

205 2812 264 2875 pro
278 2790 405 2854 laruae.
439 2790 473 2854 in
484 2788 642 2855 Palatinis
654 2794 850 2879 archetypus
867 2791 1016 2877 religiose
1028 2813 1200 2877 expressus
1213 2803 1277 2867 est;
1295 2814 1382 2875 qnos
1405 2795 1436 2858 si

206 2891 380 2976 sequimur,
403 2892 508 2956 versui
530 2893 624 2957 facile
648 2893 772 2958 medela
795 2905 1013 2980 comparatum
1036 2893 1148 2960 turbas
1174 2893 1261 2959 enim
1283 2894 1435 2963 movisse

208 2992 334 3057 videtur
369 2994 571 3079 interpolatio
609 2996 698 3062 verbi
734 2998 823 3071 milri,
861 2996 947 3081 quod
985 2997 1018 3060 in
1055 2994 1204 3061 Palatina
1240 2997 1437 3064 recensione

207 3097 346 3180 primum
374 3096 407 3160 in
442 3098 499 3170 nri,
535 3109 602 3161 tum
631 3101 664 3162 in
691 3121 738 3162 rac
754 3097 881 3164 ,abiisse
909 3099 1089 3184 putandum
1117 3111 1175 3163 est.
1231 3120 1296 3182 quo
1323 3099 1437 3167 eiecto

207 3199 325 3284 (neque
359 3198 444 3263 enim
472 3199 547 3263 ferri
581 3213 684 3287 potest
718 3202 831 3278 ,lamas
864 3200 960 3265 alicui
988 3201 1099 3288 ferrc‘)
1132 3223 1243 3267 versus
1269 3200 1310 3266 ab
1340 3204 1437 3269 omni

208 3314 299 3385 parte
323 3301 448 3387 integer
477 3301 594 3367 evadit.
651 3303 848 3368 Ritschelius
870 3325 1019 3389 ‘eumque
1053 3316 1181 3369 secutus
1209 3302 1436 3389 Niameyerus

208 3427 238 3489 p.
261 3403 304 3468 46
321 3404 528 3469 Ambrosiani
543 3406 730 3470 memoriam
753 3417 820 3482 ,aut
841 3427 946 3470 errore
961 3417 1018 3471 aut
1033 3429 1050 3471 e
1067 3405 1265 3470 correctione
1281 3407 1435 3475 metrica‘

208 3518 310 3571 ortam
352 3531 420 3574 esse
461 3520 600 3574 censent.
655 3518 767 3574 verum
804 3511 976 3586 enimvero,
1010 3508 1037 3572 si
1070 3529 1176 3573 errore
1209 3518 1275 3571 tam
1307 3529 1437 3592 graves

207 3610 399 3676 mutationes
428 3611 507 3674 sine¹
520 3612 612 3674 metri
635 3611 825 3677 detrimento
848 3611 932 3676 effici
955 3608 1116 3698 poterant,
1145 3610 1228 3675 inter
1256 3632 1370 3676 casum
1401 3626 1438 3681 et

206 3712 376 3777 consilium
421 3734 575 3796 umquam
617 3735 691 3778 cum
710 3714 713 3722 '
734 3714 873 3797 quadam
920 3711 1145 3798 probabilitate
1189 3711 1436 3784 confidentiave

208 3814 347 3880 discerni
370 3836 464 3898 posse
487 3814 616 3880 omnino
639 3837 732 3902 nege.

297 3918 378 3982 Trio.
399 3917 463 3981 452
940 3979 942 3983 .

249 4020 296 4084 A:
320 4017 403 4085 Oum
428 4029 559 4085 vestra
581 4031 690 4085 nostra
712 4042 776 4084 non
798 4031 846 4084 est
868 4041 971 4104 aequa
993 4019 1091 4083 factio

249 4121 292 4186 P:
316 4120 399 4187 Oum
422 4121 566 4185 vestris
589 4114 697 4204 nostra
718 4143 783 4204 non
806 4131 861 4185 est·
876 4142 979 4205 aequa
998 4121 1095 4187 factio
1344 4206 1346 4211 Ι
1382 4154 1388 4160 r

293 4222 535 4289 Studemundus
553 4225 587 4287 in
598 4223 681 4288 Mus.
694 4223 800 4288 Rhen.
811 4221 906 4288 XXI
920 4247 952 4309 p.
965 4224 1027 4288 607
1041 4223 1082 4288 de
1098 4222 1242 4290 hocloco
1258 4223 1440 4311 disputans

207 4325 430 4391 Palatinorum
453 4326 644 4410 scripturam
667 4323 851 4413 memoratri:
869 4325 913 4390 ita
929 4325 1082 4404 defendit,
1105 4336 1139 4392 ut
1155 4337 1211 4413 aut
1225 4327 1294 4406 ,mit
1309 4325 1382 4400 den.
1394 4356 1440 4400 zu

208 4427 315 4499 Eurer
329 4428 466 4497 Familie
481 4427 657 4518 gehiirigen
669 4427 886 4516 Mitgliedern‘
906 4441 961 4496 aut
976 4452 1043 4496 cura
1056 4430 1255 4498 sacraretur
1271 4419 1441 4519 explicet:
