3038 5220
733 268 773 340 51

654 365 856 372 -ὴ-

188 477 298 542 Pseud.
321 476 388 541 404
409 476 454 540 P:
869 477 996 566 Viginti
1018 480 1161 556 minae,

232 578 324 662 Quae
347 601 508 664 nusquam
531 603 615 645 nunc
639 591 715 647 sunt
739 582 895 667 gentium,
919 582 1082 646 inveniam
1104 591 1212 646 tamen

146 681 271 766 ,viginti
297 682 414 745 minas‘
446 682 492 759 A,
526 683 612 770 quod
644 683 686 748 ab
721 684 868 748 omnibus
898 684 1075 750 editoribus
1103 694 1271 769 receptum
1300 694 1365 757 est:

147 782 203 846 sed
227 784 266 846 cf.
293 782 378 848 Gara
402 783 465 848 296

231 902 315 967 'Pum
338 903 392 967 isti
415 904 470 986 qui
493 904 610 968 ludunt
633 905 768 970 datatim
791 907 876 972 servi
899 928 1083 970 scurrarum
1106 904 1139 968 in
1162 906 1215 970 via

232 1006 275 1070 Et
297 1006 424 1070 datores
447 1016 479 1071 et
502 1008 640 1072 factores
665 1009 768 1073 omnis
792 1008 928 1073 subdam
951 1006 1011 1072 sub
1034 1008 1147 1072 solum.

146 1125 255 1193 Huius
278 1125 339 1190 loci
363 1126 476 1191 similis
499 1138 548 1191 est
575 1128 659 1191 Truc.
686 1128 748 1193 184

232 1229 280 1294 P:
303 1228 367 1315 Sed
397 1231 493 1308 istos,
526 1231 582 1314 qui
612 1253 685 1294 eum
711 1230 816 1317 geniis
842 1229 908 1295 suis
944 1228 1141 1314 belligerant,
1163 1228 1367 1313 paroepromi

147 1313 387 1418 ,parcepromis‘
424 1333 468 1397 A.
506 1333 686 1399 Schoeliius
721 1334 868 1398 adnotat:
903 1332 998 1409 ,unde
1026 1341 1128 1417 patet,
1163 1334 1269 1417 ipsum
1298 1333 1367 1398 cod.

144 1435 179 1500 A
195 1434 361 1500 librarium
376 1449 505 1522 praeter
520 1437 743 1501 necessitatem
761 1438 830 1499 tator
846 1434 1025 1520 pronomini
1036 1436 1173 1498 formam
1189 1456 1365 1499 accommo-

146 1538 262 1602 dasse‘
310 1540 366 1604 sed
395 1552 470 1625 post
497 1561 544 1622 ea,
568 1560 651 1623 quae
683 1539 716 1603 in
749 1538 955 1603 adnotatione
983 1537 1025 1602 ad
1058 1536 1150 1601 Stich.
1174 1537 1238 1602 624
1266 1560 1297 1623 p.
1320 1538 1361 1602 41

145 1639 392 1725 disputavimus,
415 1640 624 1706 Ambrosiani
640 1641 801 1726 scriptura
824 1642 870 1705 sic
886 1641 992 1728 potius
1009 1640 1203 1727 explicanda
1226 1641 1365 1717 videtur,

146 1752 182 1807 ut
194 1743 344 1808 librarius
365 1766 423 1829 pro
432 1767 654 1831 parcepromor,
671 1745 756 1829 quod
778 1745 811 1808 in
830 1744 1005 1828 archetypo
1021 1765 1079 1807 suo
1096 1744 1237 1825 extabat,
1258 1741 1365 1807 verbis

147 1845 411 1911 antecedentibus
440 1847 617 1931 perductus
644 1849 851 1934 parcepromis
884 1848 1062 1931 scripserit,
1092 1867 1232 1910 errorem
1259 1856 1365 1910 autem

147 1947 407 2012 animadversum
427 1949 587 2036 extemplo
603 1949 778 2017 sustulerit.
816 1950 1008 2033 scripturam
1034 1949 1135 2034 igitur
1158 1970 1367 2034 parcepromos

148 2049 190 2113 ad
212 2050 430 2115 recensionem
453 2051 558 2116 redire
580 2061 706 2115 tantum
729 2073 794 2115 non
817 2060 940 2115 certum
964 2061 1019 2115 est.

238 2170 323 2237 Troo.
346 2170 409 2235 263

191 2272 232 2336 P:
255 2272 422 2359 Inpudens
445 2296 503 2359 per
525 2273 696 2339 ridiculum
721 2284 755 2340 ut
777 2273 897 2339 rustico
920 2273 1034 2338 suadet
1057 2285 1215 2358 stuprum,

148 2375 236 2458 quod
259 2375 440 2441 Schoeliius
463 2374 544 2441 bene
568 2377 708 2440 correxit
730 2377 764 2440 in
787 2386 834 2454 ,ut
855 2399 914 2463 per
935 2376 1129 2442 ridiculum‘.

191 2477 239 2542 A:
262 2477 429 2563 Inpudens
452 2501 536 2562 quae
560 2500 619 2563 per
641 2478 814 2544 ridiculum
836 2479 956 2545 rustico
978 2480 1095 2544 suades
1118 2489 1264 2566 stuprum

149 2579 315 2645 Palatinos
339 2581 365 2645 si
388 2581 562 2665 sequimur,
586 2581 753 2647 Stratulax
776 2581 974 2668 Astaphium
1007 2604 1071 2646 non
1093 2581 1282 2668 alloquitur,
1312 2581 1369 2645 sed

149 2682 318 2748 iracundia
347 2684 506 2748 excitatus
536 2683 576 2748 ab
605 2705 644 2748 ea
673 2706 804 2749 aversus
832 2684 913 2749 haec
942 2681 1042 2748 verba
1070 2683 1247 2760 exclamat3
1283 2686 1316 2748 in
1338 2686 1368 2747 A

150 2787 382 2869 grammaticus
405 2786 488 2850 hanc
517 2786 690 2850 dictionem
713 2808 729 2851 e
758 2786 962 2873 popularium
991 2806 1137 2849 sermone
1167 2785 1369 2872 desumptam

150 2887 286 2951 removit
308 2886 482 2953 secundam
506 2886 595 2953 verbi
617 2910 789 2974 personam
811 2889 1024 2964 substituens3
1048 2888 1132 2952 idem
1156 2911 1233 2974 quac
1254 2911 1314 2973 pro
1336 2900 1369 2952 at

150 2989 278 3074 scripsit
296 2991 408 3054 eadem
424 2990 558 3054 fortasse
574 2989 826 3072 ratiocinatione,
853 3001 886 3054 ut
901 2990 999 3055 verbo
1016 2988 1140 3067 abutar,
1159 2991 1287 3070 duetus,
1305 3013 1371 3076 qua

150 3094 261 3156 Pseud.
292 3091 353 3156 153
379 3113 438 3176 pro
467 3093 538 3170 ,hoc
560 3092 634 3157 vide
658 3094 715 3171 sis,
744 3103 781 3159 ut
803 3093 882 3158 alias
910 3116 961 3158 res
989 3097 1102 3178 agunt‘
1131 3092 1268 3159 coniecit
1298 3094 1369 3170 ,hoc

150 3194 274 3260 videas:
298 3195 377 3260 alias
400 3217 450 3261 res
474 3206 597 3283 agunt‘.

241 3316 326 3380 Trrrc.
349 3314 414 3380 374
472 3309 473 3313 ¹

192 3433 240 3498 A:
264 3433 344 3498 Plus
367 3434 528 3519 pollicere,
552 3456 650 3519 quam
672 3434 731 3498 abs
753 3443 786 3498 te
808 3455 906 3522 posco
929 3433 1015 3523 au[t]
1039 3435 1166 3523 postulo

192 3536 235 3601 P:
257 3535 337 3601 Plus
359 3535 522 3620 pollicere,
546 3558 644 3620 quam
667 3558 728 3622 ego
751 3559 771 3601 a
794 3547 826 3601 te
849 3537 976 3622 postulo

149 3655 364 3742 Niemeyerus
403 3680 435 3742 p.
461 3658 515 3721 12:
548 3657 687 3735 ,videtur
708 3679 799 3744 posco
832 3668 885 3719 aut
912 3665 985 3722 ante
1010 3657 1130 3742 postulo
1158 3656 1317 3720 excidisse
1340 3665 1371 3720 et

151 3758 267 3822 deinde
295 3759 528 3844 grammaticus
556 3782 609 3845 epo
636 3761 731 3824 metri
758 3759 863 3845 gratia
891 3759 1084 3824 inseruisset
1133 3780 1231 3843 quem
1259 3758 1369 3836 ,verba

150 3859 276 3924 fecisae‘
301 3859 417 3925 dehoc
440 3883 537 3927 versu
552 3860 732 3927 Schoeliius
749 3862 782 3926 in
799 3883 912 3929 comm.
936 3861 978 3926 ad
996 3887 1026 3926 v.
1049 3871 1135 3926 recte
1153 3861 1283 3928 iudicat.
1302 3861 1371 3924 dili·

150 3971 265 4046 genter
288 3972 397 4027 autem
419 3964 526 4028 locum
549 3963 698 4027 tractavit
719 3964 885 4029 Abraham
907 3964 940 4028 in
963 3988 1031 4030 ann.
1049 3965 1128 4051 plut.
1157 3965 1262 4052 suppl.
1280 3962 1370 4031 XIV

150 4087 182 4150 p.
208 4063 269 4129 186
292 4086 372 4149 sqq,
401 4066 457 4150 qui
484 4067 516 4130 in
538 4065 691 4130 Palatina
718 4067 903 4132 recensione
926 4087 1055 4131 versum
1089 4087 1162 4132 cum
1184 4068 1368 4153 corruptela

151 4174 327 4244 servatum,
343 4176 455 4231 eontra
467 4166 674 4232 Ambrosiani
690 4190 828 4246 versum,
846 4169 906 4233 etsi
920 4169 1115 4254 integritatis
1131 4170 1272 4254 speciem
1290 4190 1370 4256 prae

151 4289 186 4331 se
212 4267 311 4345 ferat,
345 4269 386 4334 ob
421 4268 583 4354 duplicem
616 4268 822 4335 offensionem
856 4269 1054 4335 reiciendum
1091 4292 1160 4334 esse
1195 4282 1281 4336 recte
1317 4271 1369 4334 de·

152 4371 358 4450 monstravit:
387 4393 490 4458 neque
523 4372 608 4436 enim
632 4393 750 4459 poscere
778 4373 816 4435 ab
839 4373 940 4458 aliquo
962 4371 1148 4436 Plautinum
1171 4383 1229 4448 est,
1264 4393 1370 4455 neque

152 4493 290 4558 usquam
307 4496 427 4564 poscere
449 4485 481 4538 et
502 4475 657 4560 postulare
679 4476 767 4559 apud
789 4474 943 4539 Plautum
967 4473 1137 4539 coniuncta
1152 4474 1368 4544 inveniuntur.

1186 4596 1218 4651 4*
