3038 5220
654 273 853 374 27

149 478 309 562 Mil..plm
327 477 409 543 1275
441 477 486 544 B:
510 477 589 564 quid
612 479 684 545 volt
699 502 751 544 me
772 477 963 545 iacere’ta
900 487 963 543 ista
969 475 1014 566 7ΙΙ
1030 478 1087 544 Ad
1108 478 1165 542 sed
1189 501 1271 556 eas,

502 580 563 647 OD
586 580 628 647 ad
652 603 686 647 se
708 591 752 648 ut
772 604 838 659 eas,
1303 641 1306 648 .

146 705 251 747 nonne
278 683 311 747 in
337 682 474 767 proclivi
502 693 550 748 est
578 684 741 762 conicere,
770 684 855 749 hano
882 705 1009 770 quoque
1038 616 1288 770 discrepantiam
1314 685 1364 749 sic
1436 701 1439 706 ’

146 782 383 870 expediendam
406 806 492 861 esse,
522 784 659 856 utillud
686 788 785 873 apuam
809 787 861 852 vel
889 799 922 851 ot
944 787 1116 854 frustulum
1145 788 1186 851 sit
1207 787 1365 906 deperditi

146 909 258 952 versus
277 885 382 964 7488,
430 886 465 952 ui
492 886 524 951 iu
553 887 655 962 altera
682 890 868 956 recensione
898 889 1122 956 coniunctione
1147 902 1181 953 ot
1208 890 1365 974 superiori

146 988 253 1055 versui
271 987 506 1065 subiunctus,
497 1011 530 1052 m
553 989 599 1055 alt
586 1001 656 1055 tera
682 1008 704 1054 a
724 1012 821 1056 versu
843 991 905 1065 748
932 991 1081 1078 graviore
1109 990 1366 1076 interpunctione

147 1092 318 1157 distinctus
339 1089 444 1174 fuerit,
468 1091 510 1156 ad
533 1091 619 1158 hunc
640 1093 708 1160 fere
729 1091 874 1158 modurn:

175 1194 231 1259 ·:P
254 1193 345 1259 ΜΕ.;
369 1191 501 1259 Vide
476 1217 503 1258 sr
527 1194 589 1259 hoc
610 1193 723 1260 utibile
746 1191 892 1282 mugisa
893 1205 969 1279 tque
992 1195 1025 1258 in
1049 1216 1116 1259 rem
1138 1158 1298 1290 deputas,
1363 1237 1365 1242 .

222 1345 224 1349 ,
359 1295 404 1360 Ut
391 1295 539 1383 t[adeas
560 1296 801 1364 adulescentem
819 1307 850 1362 et
872 1318 941 1369 rem
955 1320 1082 1364 omnem
1097 1298 1127 1364 ei
1148 1286 1293 1364 creduas.

209 1397 341 1464 OALL.
356 1398 401 1464 Ut
419 1398 494 1486 ego]
519 1399 633 1466 adeam
655 1399 871 1468 Lesbomcum
895 1422 922 1465 e
945 1424 976 1486 q.
999 1424 1024 1469 s.

189 1501 283 1566 A:⁴
510 1553 517 1568 .
584 1549 591 1565 .
657 1551 739 1571 ..
805 1502 1010 1589 .:deputas

354 1549 472 1721 Ipsum
495 1604 594 1671 adeas
616 1605 853 1673 adulescentem
875 1627 902 1671 e
926 1628 957 1690 q.
979 1628 1004 1670 s.

149 1705 175 1770 si
211 1705 296 1770 hano
330 1715 456 1771 sentent
456 1706 522 1771 iam
554 1707 792 1825 amplectimur,
830 1717 902 1775 utra
940 1705 1099 1792 scriptura
1132 1670 1301 1771 retinenda
1326 1705 1368 1770 sit

151 1807 322 1883 diiudicari
337 1829 400 1872 nou
422 1820 540 1894 posset,
564 1809 683 1874 nisiex
704 1810 894 1894 insequenti
903 1832 999 1876 versu
1015 1807 1152 1894 aliquid
1159 1807 1367 1876 lucraremur

150 1908 218 1973 sine
245 1908 343 1987 dubio
370 1909 455 1974 enim
474 1933 611 1975 versum
635 1911 699 1976 750
719 1911 929 1985 Ambrosiani
955 1920 1117 1977 corrector
1137 1908 1255 1995 attigit,
1283 1918 1316 1974 et
1337 1909 1364 1972 is

150 2010 282 2095 quidem
306 2034 372 2076 non
391 2013 578 2091 sententiae,
601 2015 657 2079 sed
680 2015 772 2080 metri
795 2012 995 2078 solummodo
1012 2010 1201 2078 restituendi
1218 2009 1366 2096 cupidus.

151 2113 183 2178 in
204 2112 234 2188 P
257 2112 343 2177 enim
359 2134 433 2178 cum
448 2113 694 2201 interpolatione
716 2116 764 2182 sic
779 2115 911 2202 legitur:
934 2114 1011 2196 ‚Sed
1026 2123 1065 2180 ut
1080 2135 1141 2198 ego
1158 2133 1243 2179 nunc
1259 2111 1366 2177 adule

150 2216 252 2281 sconti
273 2215 482 2282 thensaurum
513 2217 700 2286 indiceml‘.
734 2221 808 2293 sed,
831 2216 919 2302 quod
940 2216 1032 2281 initio
1059 2214 1210 2281 orationis
1232 2216 1367 2280 fortasse

149 2319 283 2385 haberet
316 2341 380 2405 quo
401 2319 656 2400 defenderetur,
693 2332 767 2406 post
799 2345 829 2385 v.
859 2320 921 2386 749
949 2317 1077 2386 Oallicli
1110 2317 1310 2384 vindicatum
1332 2329 1368 2384 nt

151 2422 296 2507 ineptum
318 2423 549 2490 removendum
572 2423 670 2509 est1),
693 2446 757 2508 quo
778 2426 864 2489 laeto
885 2421 964 2488 inP
985 2421 1109 2508 integer
1131 2443 1244 2486 versus
1260 2421 1369 2487 evadit
1436 2483 1440 2490 .

150 2524 265 2590 Plauto
288 2523 329 2589 ab
350 2524 437 2588 omni
461 2535 552 2610 parte
569 2525 696 2612 dignus.
741 2525 819 2613 quid
835 2548 912 2593 vero
944 2525 1000 2591 A?
1028 2534 1156 2590 servato
1170 2526 1237 2600 sed,
1264 2523 1369 2589 deleto

150 2638 192 2701 ut,
215 2627 410 2712 transposito
433 2649 487 2712 epo
500 2651 578 2691 5555
593 2637 731 2692 metrum
746 2648 822 2694 sane
845 2640 1034 2707 correctum,
1057 2627 1214 2693 sententia
1228 2647 1369 2715 pessum-

150 2725 226 2792 data
249 2739 306 2795 est.
348 2727 499 2812 quoniam
515 2739 635 2792 autem
657 2728 749 2794 initio
770 2751 921 2795 versuum
943 2731 1004 2797 747
1027 2741 1060 2796 et
1082 2729 1146 2796 750
1167 2729 1368 2818 grammatici

151 2830 586 2898 industriaAmbrosianum
608 2830 836 2916 interpolatum
859 2855 928 2897 esse
951 2832 1100 2909 vidimus,
1125 2855 1189 2899 non
1212 2831 1368 2897 absonum

149 2946 227 3021 puto
250 2934 284 2998 in
311 2935 417 3000 medio
439 2957 568 3019 quoque
590 2955 686 3000 versu
708 2933 832 3021 (7482)
853 2933 1007 3009 maiorem
1024 2934 1120 3000 fidem
1144 2935 1174 2999 ei
1191 2933 1369 3000 recensioni

149 3037 284 3114 habere,
323 3056 407 3121 quae
440 3059 538 3122 quam
571 3048 721 3102 accurate
757 3036 819 3100 hoo
852 3035 983 3123 quidem
1017 3036 1087 3102 loco
1114 3059 1155 3102 ex
1191 3036 1368 3122 archetypo

150 3139 311 3225 descripta
345 3138 387 3203 sit
423 3160 519 3205 versu
553 3138 616 3203 750
648 3137 794 3223 inprimis
825 3137 1073 3207 demonstratur.
1127 3139 1253 3205 accedit
1282 3137 1369 3224 quod

150 3239 308 3304 Palatinis
329 3241 417 3305 lavet
438 3240 528 3305 locus
544 3240 725 3307 simillimus
740 3242 817 3316 'Mu
834 3241 877 3327 pt
899 3240 978 3306 237:
1000 3240 1110 3324 ,Nunc
1133 3242 1190 3307 sio
1212 3241 1369 3306 rationem

148 3343 353 3428 incipissem.
369 3343 470 3408 hanc
490 3343 656 3415 instituam
679 3343 834 3414 astutiam,
850 3343 862 3432 ΙΙ
887 3343 915 3411 U
921 3354 934 3409 t
949 3383 987 3392 -
1000 3344 1127 3410 dicam!

234 3447 344 3510 Pseud.
363 3446 445 3511 1187
489 3446 579 3512 Simo
603 3458 635 3512 et
654 3445 763 3512 Ballio
778 3469 870 3512 senes
883 3446 1077 3532 Harpagem
1093 3445 1249 3523 caculam,
1272 3466 1368 3528 quem

150 3548 273 3615 scilieet
307 3570 326 3612 a
358 3548 522 3615 Pseudulo
555 3549 606 3614 sui
631 3548 851 3613 defraudandi
883 3571 981 3614 causa
1009 3550 1211 3634 suppositum
1244 3557 1369 3632 putant,

148 3650 363 3733 ludificantes,
389 3650 515 3735 vquanti
552 3662 700 3715 ornatum
732 3648 905 3715 militarem
942 3673 961 3715 a
994 3651 1134 3737 chorago
1167 3648 1369 3728 conduxerit,

149 3754 359 3838 interrogant.
404 3763 501 3838 atque
522 3752 633 3825 iudea
649 3776 678 3818 v.
697 3752 779 3816 1186
795 3751 1018 3819 Palatinarum
1033 3753 1113 3819 haec
1128 3763 1177 3817 est
1192 3753 1366 3837 scriptura:

503 3853 582 3940 quid
604 3854 769 3920 mercedis,
782 3866 913 3940 petasus
934 3855 1030 3920 hodie
1053 3855 1182 3921 domino
1204 3853 1368 3919 demeret?

215 3956 375 4029 ,HARR
398 3957 484 4042 Quoi
497 3957 650 4023 domino?
673 3951 752 4042 quid
768 3958 846 4024 socii
863 3959 920 4045 (=
935 3958 1057 4046 socci)?
1079 3957 1158 4042 quid
1181 3955 1368 4024 somniatis?

555 4081 627 4126 mea
649 4059 778 4145 quidem
801 4062 889 4129 haec¹
903 4061 1008 4128 habeo
1030 4061 1147 4126 omnia.
1352 4079 1356 4084 “

237 4345 392 4414 ¹)Brixius
416 4347 471 4401 tria
499 4346 626 4426 exempla
649 4347 727 4402 vocis
749 4350 796 4402 sed
813 4364 958 4418 perperam
989 4346 1085 4403 illatae
1109 4349 1192 4402 citat:
1228 4319 1300 4401 Tria.
1318 4348 1369 4402 595

149 4431 403 4588 ῗὲῗιὲιῖἓέἕίξ
404 4433 481 4585 )plor.
499 4433 556 4487 205.
593 4427 665 4490 addo
690 4433 750 4488 Mil.
723 4434 836 4538 apter.
854 4432 929 4544 398
942 4432 1023 4510 Stieis.
1045 4432 1098 4489 394
1122 4432 1181 4488 eas.
1206 4431 1256 4487 619
1280 4431 1369 4528 Gepp.
