3038 5220
232 1453 344 1561 Liber,
373 1483 465 1548 cuius
488 1493 562 1548 aute
590 1483 677 1546 hunc
706 1503 827 1545 annum
850 1479 990 1562 primam
1016 1475 1104 1541 edidi
1126 1484 1263 1560 partem,
1286 1495 1374 1538 nunc

144 1623 277 1687 demum
305 1621 430 1706 integer
459 1620 493 1682 in
519 1617 685 1703 publicum
715 1617 838 1703 prodit,
865 1637 929 1679 non
958 1615 1064 1698 qualis
1092 1611 1271 1676 satisfaciat
1299 1632 1373 1674 oon·r

145 1758 218 1822 silio
241 1778 312 1820 meo
335 1777 373 1819 ao
396 1754 563 1832 voluntati,
587 1755 644 1819 sed
668 1754 772 1840 qualis
796 1775 814 1817 e
836 1750 984 1816 manibus
1015 1749 1147 1813 tandem
1175 1746 1372 1812 emittendus

146 1903 217 1957 erat
256 1891 316 1956 etsi
355 1891 499 1954 nondum
534 1890 610 1954 satis
644 1845 823 1975 perpolitus
862 1896 1117 1972 maturatusque.
1167 1907 1243 1947 nam
1282 1881 1370 1969 quod

147 2025 267 2111 ubique
290 2024 324 2085 in
346 2022 460 2087 litteris
484 2022 569 2085 diem
592 2022 644 2086 die
667 2025 776 2088 doceri
797 2023 957 2099 ridemus,
985 2023 1019 2086 id
1048 2021 1196 2106 inprimis
1224 2020 1311 2083 valet
1337 2018 1372 2080 in

146 2160 305 2226 eiusmodi
329 2158 581 2245 quaestionibus,
611 2181 693 2242 quae
723 2182 780 2245 per
801 2160 871 2222 vias
895 2160 963 2222 sive
986 2161 1116 2223 omnino
1139 2179 1240 2221 novas
1262 2159 1331 2220 sive
1352 2177 1374 2217 a

146 2297 260 2384 paucis
288 2306 459 2382 temptatas
488 2293 673 2378 procedant.
719 2295 827 2378 itaque
860 2316 933 2357 cum
965 2295 1084 2380 partim
1117 2294 1159 2358 ob
1192 2306 1373 2378 temporum

146 2432 314 2520 angustias
337 2431 453 2519 partim
477 2429 518 2493 ob
540 2428 762 2493 incredibilem
786 2429 975 2514 typothetae
993 2431 1166 2516 segnitiam
1181 2431 1372 2516 inplagulis

146 2567 369 2657 imprimendis
402 2566 598 2653 permultum
625 2567 779 2650 temporis
809 2577 1067 2644 consumeretur,
1101 2590 1161 2654 ego
1192 2590 1268 2631 vero
1295 2569 1372 2632 huic

147 2705 328 2790 quaestioni
348 2703 533 2768 incumbere
556 2726 733 2786 numquam
750 2703 939 2785 desinerem,
964 2727 1027 2768 non
1044 2706 1148 2789 potuit
1164 2727 1228 2769 non
1243 2707 1374 2771 evenire

148 2854 183 2905 ut
199 2841 389 2923 aliquotiens
405 2841 491 2922 quod
507 2840 599 2903 initio
614 2842 751 2903 feceram
768 2839 924 2903 iudicium
935 2839 1150 2914 immutarem,
1166 2840 1373 2904 immutatum

148 2999 225 3039 vero
249 2977 388 3059 profiteri
413 2997 475 3038 non
500 2985 670 3039 cunctarer
693 2998 757 3038 non
780 2975 862 3038 tanti
885 2975 1006 3038 faciens
1037 2948 1125 3058 quod
1146 2975 1374 3060 disputationis

147 3135 287 3190 cursum,
318 3113 447 3194 qualem
469 3112 500 3174 in
530 3112 624 3195 primi
656 3113 772 3195 capitis
793 3111 857 3174 fine
880 3133 1121 3197 proposueram,
1145 3114 1242 3178 anxie
1264 3125 1374 3178 tenere

147 3251 194 3314 ita
216 3270 279 3311 non
302 3247 430 3311 licebat.
465 3247 580 3331 quodsi
595 3248 655 3311 sub
670 3249 767 3312 finem
783 3247 929 3330 inprimis
953 3249 1232 3312 commentationis
1247 3249 1372 3333 aliquid

147 3384 340 3448 incommodi
378 3385 534 3461 extiterit,
587 3384 662 3448 boni
704 3385 873 3448 consulant
908 3406 1028 3467 quaeso
1063 3385 1195 3447 lectores
1240 3386 1368 3450 veritati

147 3543 198 3584 me
233 3543 295 3583 non
336 3521 511 3584 constantis
545 3521 655 3586 iudicii
691 3520 837 3584 mendaci
872 3520 989 3603 speciei
1023 3521 1185 3590 studuisse
1220 3523 1369 3587 scientes.

146 3656 262 3720 deinde
290 3678 353 3719 non
384 3678 459 3719 casu
489 3679 593 3740 neque
625 3658 828 3743 neglegentia
858 3658 979 3719 factum
1011 3667 1059 3720 est
1087 3659 1173 3740 quod
1202 3660 1367 3736 nonnulla,
1405 3687 1408 3694 ·

147 3814 230 3877 quae
254 3792 400 3855 adhunc
424 3794 643 3877 quaestionem
667 3803 823 3876 spectant,
848 3816 867 3856 a
891 3793 1107 3877 disputatione
1130 3796 1263 3859 exclusa
1285 3810 1371 3862 sunt.

147 3930 236 3992 velut
259 3929 344 4010 quod
368 3929 407 3991 de
433 3929 521 3992 biatu
543 3942 574 3992 et
597 3931 635 3992 de
661 3953 809 3994 versuum
827 3929 1044 4014 discriptionis
1067 3930 1194 3993 diversa
1217 3933 1250 3995 in
1265 3954 1374 3996 recen·

145 4063 290 4127 sionibus
319 4064 506 4129 condicione
541 4067 761 4151 quaestionem
789 4066 985 4149 peculiarem
1014 4087 1075 4128 non
1110 4076 1178 4129 tam
1205 4068 1374 4134 instituere

145 4222 245 4282 quam
262 4200 291 4261 in
307 4200 472 4283 publicum
489 4201 582 4264 edere
607 4202 704 4278 nolui,
728 4202 800 4265 ideo
823 4203 895 4278 feci,
918 4201 994 4285 quia
1017 4203 1059 4264 ad
1083 4202 1141 4265 has
1165 4204 1370 4289 quaestiones

146 4336 403 4399 intricatissimas
427 4336 614 4401 enodandas
638 4339 698 4401 nisi
724 4338 924 4401 doctissimos
948 4359 1093 4423 quosque
1116 4339 1277 4404 neminem
1300 4363 1371 4407 esse

146 4465 297 4531 idoneum
320 4470 478 4546 viderem3
507 4471 671 4535 terrebant
700 4473 786 4536 enirn
814 4473 898 4536 iusta
923 4473 1132 4537 dubitatione
1148 4476 1272 4540 viribus
1301 4480 1369 4541 suis
