3038 5220
802 211 865 278 150

226 413 314 498 quod
336 414 425 480 nullo
446 416 541 482 modo
568 416 675 483 differt
702 420 858 500 asaeiam
878 428 911 482 ot
937 420 996 493 vir:
1025 416 1077 481 cui
1105 417 1231 482 accedit
1257 419 1446 504 exemplum

224 517 428 603 aptissimum
449 519 531 584 Men.
554 519 616 584 207

310 617 387 685 Scin
409 619 489 704 quid
510 621 583 686 volo
613 642 674 709 ego
702 633 733 686 te
755 622 934 687 accurare?
949 621 963 710 ΙΙ
978 622 1059 699 scio,
1089 621 1210 689 curabo
1237 643 1322 705 quae
1345 622 1446 701 voles,

224 722 252 786 si
275 733 361 787 recte
373 721 558 809 Wagnerus
579 727 639 788 seio
660 723 804 790 defendit
819 725 967 791 versibus
994 725 1053 790 185
1068 746 1138 810 sqq.
1161 723 1342 803 arcessitis3
1373 727 1448 790 cedo

227 823 368 892 Brixius.
403 824 543 911 deniquo
576 848 641 891 non
674 826 837 892 omiserim
869 827 1024 893 adnotare
1056 826 1210 893 Plautum
1249 848 1313 891 non
1347 827 1448 892 semel

226 936 327 991 metro
348 939 483 1014 cogente
506 926 596 994 verbi
618 930 691 994 velle
706 930 850 995 futurum
872 941 1000 1016 tempus
1022 951 1080 1015 pro
1091 930 1259 1016 praesenti
1280 929 1448 1014 posuisse:

227 1029 267 1093 cf.
290 1030 380 1094 Most.
403 1030 466 1096 790
496 1029 599 1109 ‚Heus
622 1042 656 1096 tu
681 1031 707 1095 si
731 1031 819 1097 voles
843 1031 904 1096 hoc
927 1030 1062 1097 verbum
1091 1031 1243 1118 cogitare‘
1266 1032 1357 1118 (=si
1377 1034 1446 1117 oio).

223 1131 317 1197 Poto.
335 1132 398 1199 210
420 1131 551 1219 ‚Negoti
568 1133 629 1198 sibi
644 1134 713 1218 qui
730 1133 835 1199 volet
850 1135 916 1199 vim
938 1155 1063 1221 parare,
1085 1132 1213 1199 Navem
1229 1144 1261 1198 et
1277 1133 1447 1199 mulierem

226 1234 306 1299 haec
330 1234 392 1300 sibi
414 1235 478 1300 duo
501 1247 698 1323 comparato,
728 1237 797 1322 (qui
816 1237 891 1301 volet
908 1271 941 1290 ι
956 1239 1010 1322 qui
1029 1236 1116 1318 oud).
1160 1237 1249 1301 Moot.
1274 1237 1356 1303 1121
1381 1237 1449 1315 ,illo

225 1347 393 1424 praesente
423 1359 549 1404 mecum
572 1337 670 1423 agito,
699 1337 725 1401 si
743 1337 821 1423 quid
836 1339 944 1420 voles‘,
963 1359 1161 1424 quamquam
1178 1340 1233 1424 api
1253 1360 1328 1404 cum
1348 1361 1445 1405 servo

226 1439 291 1503 iam
307 1449 456 1524 coeptum
471 1451 529 1505 est.
563 1439 786 1506 Palatinorum
800 1439 900 1527 igitur
914 1443 1107 1528 scripturam
1124 1439 1213 1507 Most.
1230 1439 1294 1505 929
1309 1441 1444 1506 retineo.

267 1559 382 1623 Bacch.
404 1558 469 1624 506

312 1660 360 1725 A:
386 1660 457 1747 Ego
478 1662 557 1725 faxo
579 1661 644 1726 hau
668 1661 754 1727 dicet
776 1673 904 1727 nactam
927 1684 1024 1750 quem
1047 1661 1201 1728 deluserit

310 1763 354 1828 P:
376 1762 449 1849 Ego
470 1764 548 1828 faxo
570 1763 634 1827 hau
657 1764 743 1830 dicet
765 1776 893 1830 nactam
916 1787 1011 1852 quem
1035 1763 1189 1830 derideat.

225 1882 434 1948 Ritschelius:
458 1883 603 1960 ‚fortasse
626 1906 652 1947 e.
672 1907 700 1947 v.
719 1884 782 1951 864
803 1883 919 1962 „Faxo
937 1906 971 1948 se
993 1884 1082 1948 haud
1098 1883 1186 1949 dicat
1202 1894 1332 1949 nactam
1349 1906 1449 1970 quem

226 1984 413 2050 derideat“.‘
457 1985 552 2050 huius
590 1997 698 2052 eutem
726 2008 837 2052 versus
872 2008 930 2051 nec
963 1985 1069 2072 potuit
1101 1986 1134 2050 in
1162 1997 1302 2051 mentem
1337 1986 1450 2050 venire

226 2085 351 2152 scribae
385 2109 445 2154 nec
477 2098 543 2153 tam
578 2087 751 2153 verisimile
786 2102 835 2153 est
869 2089 1072 2154 recordatum
1095 2109 1164 2153 esse
1196 2089 1449 2174 grammaticum

228 2211 326 2274 quam
348 2188 546 2254 histrionem.

308 2308 421 2373 Bacch.
439 2306 501 2373 948
517 2307 555 2383 ,is
570 2305 730 2371 Helenam
747 2309 867 2373 avexit‘
879 2308 929 2386 A;
940 2309 982 2374 cl.
994 2309 1177 2395 Geppertus
1193 2310 1273 2373 stud.
1289 2307 1329 2373 II
1341 2331 1373 2393 p.
1388 2309 1434 2375 35
1440 2333 1449 2386 ;

225 2411 353 2474 abducit
374 2409 418 2486 P;
447 2409 486 2475 cf.
516 2410 626 2473 Pseud.
651 2410 735 2474 1094
763 2410 800 2487 ,is
826 2433 936 2476 secum
973 2410 1108 2476 abduxit
1138 2410 1324 2476 mulierem‘.
1355 2411 1451 2478 1155.

227 2513 309 2577 1233
324 2511 365 2574 al.
388 2509 547 2574 avehendi
561 2510 696 2577 verbum
718 2511 817 2577 habes
841 2514 922 2577 Men.
939 2513 990 2577 27.
1005 2513 1057 2577 33.
1075 2513 1167 2578 1115.
1192 2513 1261 2577 Mil.
1276 2513 1353 2599 plor.
1373 2513 1448 2583 114.

225 2615 349 2680 incerta
373 2627 420 2679 est
443 2613 601 2701 scripturo
624 2612 832 2679 Ambrosiam
855 2615 938 2682 Pers.
961 2614 1025 2679 522
1048 2614 1223 2692 ,mulierem
1246 2613 1453 2682 ab...ctom

226 2743 266 2784 ex
290 2715 426 2783 Arabia‘
449 2720 495 2795 A;
518 2720 684 2782 adductam
705 2716 776 2795 OD,
798 2716 899 2784 Prisc.
923 2719 1082 2783 aduectum
1104 2717 1142 2796 B,
1169 2717 1201 2782 in
1225 2741 1290 2806 quo
1311 2730 1450 2784 avectam

227 2822 326 2886 latere
349 2819 544 2885 Ritschelius
567 2818 657 2884 vidit.

273 2941 385 3006 Pseud.
408 2938 471 3002 642

311 3041 356 3106 P:
380 3039 531 3105 Reddere
553 3040 614 3104 555
635 3062 700 3105 555
721 3039 856 3126 perdere
879 3061 952 3105 erus
977 3061 1028 3105 me
1051 3040 1137 3104 misit

312 3143 361 3208 A:
384 3140 534 3209 Reddere
558 3143 618 3206 hoc
638 3166 701 3209 non
724 3143 858 3231 perdere
881 3165 954 3208 erus
976 3165 1027 3206 me
1049 3143 1150 3207 iussit.

226 3249 267 3314 cf.
290 3245 532 3312 Studemundus
554 3245 647 3330 (stud.
671 3246 689 3309 I
710 3269 740 3331 p.
762 3246 826 3311 278
849 3255 915 3310 not.
931 3246 975 3330 2),
999 3247 1054 3329 qui
1077 3244 1156 3310 dicit
1177 3247 1272 3322 iussit,
1294 3244 1383 3329 quod
1409 3267 1452 3310 ex

225 3351 356 3414 incertis
378 3347 588 3413 Ambrosiani
610 3347 753 3436 reliquiis
775 3347 987 3434 indagaverit,
1011 3371 1052 3414 ex
1075 3346 1139 3412 alia
1162 3348 1348 3413 recensione
1371 3369 1445 3433 pro·

226 3453 347 3517 fectum
369 3449 431 3515 sibi
455 3449 567 3516 videri.

269 3572 380 3636 Pseud.
403 3571 445 3636 48

313 3672 360 3735 A:
384 3668 529 3735 Salutem
552 3670 684 3755 inpertit
706 3680 737 3733 et
759 3669 896 3734 salutem
918 3691 959 3735 ex
982 3679 1014 3733 te
1037 3671 1162 3755 expetit

315 3772 358 3837 P:
381 3772 528 3840 Salutem
550 3773 647 3837 mittit
669 3782 701 3836 et
722 3771 859 3836 salutem
882 3770 939 3836 abs
962 3782 992 3836 te
1015 3772 1147 3860 expetit.

231 3909 367 3978 utraque
401 3892 618 3976 discrepantia
652 3892 692 3954 ad
728 3891 856 3956 diversa
883 3891 1082 3978 exemplaria
1109 3890 1243 3956 histrico
1274 3890 1450 3958 referenda

231 3994 368 4059 videtur.
412 3997 534 4080 inpertit
547 3993 677 4072 Plauto,
699 3998 793 4058 mittit
814 3995 960 4060 histrioni
977 3993 1120 4059 debetur.
1144 3991 1183 4056 de
1206 3992 1309 4057 altera
1331 3992 1453 4059 discre-

230 4096 341 4182 pantia
353 4094 595 4161 Studemundus
608 4098 647 4160 dt
664 4097 764 4162 Videt
783 4098 886 4162 Plaat.
899 4096 1086 4183 Gryphisw.
1105 4096 1190 4162 1810
1211 4119 1243 4182 p.
1260 4096 1302 4161 15
1319 4095 1395 4163 ado.
1412 4097 1454 4162 16

231 4197 378 4261 adnotat:
414 4208 566 4274 ,ceterum
597 4198 746 4283 displicet
776 4222 813 4263 55
843 4199 1040 4284 praepositio
1072 4220 1147 4266 eum
1183 4210 1317 4285 eupatore
1350 4199 1453 4266 verbo

231 4299 411 4376 coniuncta,
435 4321 508 4365 cum
531 4298 607 4364 alibi
628 4312 659 4363 et
681 4301 743 4366 hoc
766 4299 899 4367 verbum
922 4311 955 4367 et
976 4312 1152 4387 capacem
1173 4323 1249 4370 oum
1271 4324 1291 4367 5
1312 4322 1453 4388 praepo·

233 4400 347 4475 sitione
359 4400 495 4475 Plautus
506 4400 722 4487 coniunxerit:
733 4402 774 4466 cf.
786 4403 870 4474 Rod.
882 4403 954 4475 258.
972 4403 1176 4494 13980510.
1187 4403 1260 4474 255.
1273 4404 1365 4472 Most.
1379 4405 1453 4472 155.
