<?xml version="1.0" encoding="UTF-8"?>
<!DOCTYPE html PUBLIC "-//W3C//DTD XHTML 1.0 Transitional//EN"
    "http://www.w3.org/TR/xhtml1/DTD/xhtml1-transitional.dtd">
<html xmlns="http://www.w3.org/1999/xhtml" xml:lang="en" lang="en">
 <head>
  <title>
</title>
<meta http-equiv="Content-Type" content="text/html;charset=utf-8" />
  <meta name='ocr-system' content='tesseract 3.04.00' />
  <meta name='ocr-capabilities' content='ocr_page ocr_carea ocr_par ocr_line ocrx_word'/>
</head>
<body>
  <div class='ocr_page' id='page_1' title='image "./deplautifabular01baiegoog_0183.png"; bbox 0 0 3038 5220; ppageno 0'>
   <div class='ocr_carea' id='block_1_1' title="bbox 744 210 805 278">
    <p class='ocr_par' dir='ltr' id='par_1_1' title="bbox 744 210 805 278">
     <span class='ocr_line' id='line_1_1' title="bbox 744 210 805 278; baseline 0 0"><span class='ocrx_word' id='word_1_1' title='bbox 744 210 805 278; x_wconf 74' lang='lat'><strong>174</strong></span> 
     </span>
    </p>
   </div>
   <div class='ocr_carea' id='block_1_2' title="bbox 159 416 1389 3690">
    <p class='ocr_par' dir='ltr' id='par_1_2' title="bbox 161 416 1387 1733">
     <span class='ocr_line' id='line_1_2' title="bbox 162 416 1387 505; baseline -0.001 -22"><span class='ocrx_word' id='word_1_2' title='bbox 162 419 259 505; x_wconf 69' lang='lat' dir='ltr'><strong>lapid.</strong></span> <span class='ocrx_word' id='word_1_3' title='bbox 278 418 349 492; x_wconf 81' lang='grc'>166,</span> <span class='ocrx_word' id='word_1_4' title='bbox 372 416 429 482; x_wconf 89' lang='lat' dir='ltr'><strong>ubi</strong></span> <span class='ocrx_word' id='word_1_5' title='bbox 452 418 619 482; x_wconf 83' lang='lat' dir='ltr'><strong>ecambulet</strong></span> <span class='ocrx_word' id='word_1_6' title='bbox 641 439 699 503; x_wconf 90' lang='lat' dir='ltr'><strong>pro</strong></span> <span class='ocrx_word' id='word_1_7' title='bbox 722 419 852 483; x_wconf 79' lang='lat' dir='ltr'><strong><em>ambulet</em></strong></span> <span class='ocrx_word' id='word_1_8' title='bbox 875 417 916 484; x_wconf 83' lang='lat' dir='ltr'><strong>ab</strong></span> <span class='ocrx_word' id='word_1_9' title='bbox 939 427 1071 482; x_wconf 88' lang='lat' dir='ltr'><strong>auctore</strong></span> <span class='ocrx_word' id='word_1_10' title='bbox 1092 418 1288 484; x_wconf 75' lang='lat' dir='ltr'>recensionis</span> <span class='ocrx_word' id='word_1_11' title='bbox 1305 418 1387 483; x_wconf 91' lang='lat' dir='ltr'><strong>Am-</strong></span> 
     </span>
     <span class='ocr_line' id='line_1_3' title="bbox 164 519 1387 606; baseline -0.002 -20"><span class='ocrx_word' id='word_1_12' title='bbox 164 520 335 586; x_wconf 91' lang='lat' dir='ltr'><strong>brosianae</strong></span> <span class='ocrx_word' id='word_1_13' title='bbox 364 519 542 605; x_wconf 90' lang='lat' dir='ltr'><strong>profectum</strong></span> <span class='ocrx_word' id='word_1_14' title='bbox 571 543 641 585; x_wconf 90' lang='lat' dir='ltr'><strong>esse</strong></span> <span class='ocrx_word' id='word_1_15' title='bbox 674 543 771 606; x_wconf 89' lang='lat' dir='ltr'><strong>supra</strong></span> <span class='ocrx_word' id='word_1_16' title='bbox 806 521 1106 598; x_wconf 86' lang='lat' dir='ltr'><strong>demonstravimus,</strong></span> <span class='ocrx_word' id='word_1_17' title='bbox 1137 530 1169 586; x_wconf 89' lang='lat' dir='ltr'><strong>et</strong></span> <span class='ocrx_word' id='word_1_18' title='bbox 1193 522 1287 585; x_wconf 85' lang='lat' dir='ltr'><strong>Mera.</strong></span> <span class='ocrx_word' id='word_1_19' title='bbox 1312 521 1387 598; x_wconf 80' lang='lat'><strong>271,</strong></span> 
     </span>
     <span class='ocr_line' id='line_1_4' title="bbox 163 621 1386 710; baseline -0.002 -21"><span class='ocrx_word' id='word_1_20' title='bbox 163 622 219 689; x_wconf 94' lang='lat' dir='ltr'><strong>ubi</strong></span> <span class='ocrx_word' id='word_1_21' title='bbox 242 626 301 687; x_wconf 76' lang='lat' dir='ltr'><strong>ecit</strong></span> <span class='ocrx_word' id='word_1_22' title='bbox 329 645 388 710; x_wconf 92' lang='lat' dir='ltr'><strong>pro</strong></span> <span class='ocrx_word' id='word_1_23' title='bbox 414 624 439 685; x_wconf 87' lang='lat' dir='ltr'><strong>it</strong></span> <span class='ocrx_word' id='word_1_24' title='bbox 467 621 591 687; x_wconf 88' lang='lat' dir='ltr'><strong>auctori</strong></span> <span class='ocrx_word' id='word_1_25' title='bbox 619 623 815 687; x_wconf 79' lang='lat' dir='ltr'><strong>recensionis</strong></span> <span class='ocrx_word' id='word_1_26' title='bbox 843 622 1010 687; x_wconf 81' lang='lat' dir='ltr'><strong>Palatinae</strong></span> <span class='ocrx_word' id='word_1_27' title='bbox 1038 622 1182 688; x_wconf 91' lang='lat' dir='ltr'><strong>debetur.</strong></span> <span class='ocrx_word' id='word_1_28' title='bbox 1233 623 1291 688; x_wconf 91' lang='lat' dir='ltr'><strong>sed</strong></span> <span class='ocrx_word' id='word_1_29' title='bbox 1321 622 1386 688; x_wconf 91' lang='lat' dir='ltr'><strong>loci</strong></span> 
     </span>
     <span class='ocr_line' id='line_1_5' title="bbox 162 723 1383 813; baseline 0 -23"><span class='ocrx_word' id='word_1_30' title='bbox 162 726 305 812; x_wconf 86' lang='lat' dir='ltr'><strong>gravitas</strong></span> <span class='ocrx_word' id='word_1_31' title='bbox 329 726 511 790; x_wconf 83' lang='lat' dir='ltr'><strong>continetur</strong></span> <span class='ocrx_word' id='word_1_32' title='bbox 533 723 636 788; x_wconf 91' lang='lat' dir='ltr'><strong>altera</strong></span> <span class='ocrx_word' id='word_1_33' title='bbox 659 724 885 813; x_wconf 87' lang='lat' dir='ltr'><strong>discrepantia,</strong></span> <span class='ocrx_word' id='word_1_34' title='bbox 909 747 992 808; x_wconf 89' lang='lat' dir='ltr'><strong>quae</strong></span> <span class='ocrx_word' id='word_1_35' title='bbox 1014 725 1047 788; x_wconf 94' lang='lat' dir='ltr'><strong>in</strong></span> <span class='ocrx_word' id='word_1_36' title='bbox 1071 726 1184 791; x_wconf 91' lang='lat' dir='ltr'><strong>eodem</strong></span> <span class='ocrx_word' id='word_1_37' title='bbox 1207 749 1305 792; x_wconf 84' lang='lat' dir='ltr'><strong>versu</strong></span> <span class='ocrx_word' id='word_1_38' title='bbox 1329 749 1383 791; x_wconf 84' lang='lat' dir='ltr'><strong>ex·</strong></span> 
     </span>
     <span class='ocr_line' id='line_1_6' title="bbox 161 826 1385 915; baseline -0.001 -22"><span class='ocrx_word' id='word_1_39' title='bbox 161 839 217 896; x_wconf 88' lang='lat' dir='ltr'><strong>tat.</strong></span> <span class='ocrx_word' id='word_1_40' title='bbox 255 851 330 893; x_wconf 88' lang='lat' dir='ltr'><strong>nam</strong></span> <span class='ocrx_word' id='word_1_41' title='bbox 346 826 432 911; x_wconf 93' lang='lat' dir='ltr'><strong>quod</strong></span> <span class='ocrx_word' id='word_1_42' title='bbox 448 827 503 889; x_wconf 80' lang='lat' dir='ltr'><strong>bas</strong></span> <span class='ocrx_word' id='word_1_43' title='bbox 517 849 588 890; x_wconf 83' lang='lat' dir='ltr'><strong>sone</strong></span> <span class='ocrx_word' id='word_1_44' title='bbox 603 826 716 891; x_wconf 83' lang='lat' dir='ltr'><strong>beneP</strong></span> <span class='ocrx_word' id='word_1_45' title='bbox 734 826 899 915; x_wconf 88' lang='lat' dir='ltr'><strong>praebent,</strong></span> <span class='ocrx_word' id='word_1_46' title='bbox 917 849 1018 915; x_wconf 85' lang='lat' dir='ltr'><strong>prava</strong></span> <span class='ocrx_word' id='word_1_47' title='bbox 1031 850 1108 893; x_wconf 91' lang='lat' dir='ltr'><strong>sane</strong></span> <span class='ocrx_word' id='word_1_48' title='bbox 1124 839 1171 894; x_wconf 90' lang='lat' dir='ltr'><strong>est</strong></span> <span class='ocrx_word' id='word_1_49' title='bbox 1189 829 1385 910; x_wconf 85' lang='lat' dir='ltr'><strong>coniectura,</strong></span> 
     </span>
     <span class='ocr_line' id='line_1_7' title="bbox 164 929 1386 1017; baseline 0.001 -22"><span class='ocrx_word' id='word_1_50' title='bbox 164 931 220 996; x_wconf 92' lang='lat' dir='ltr'><strong>sed</strong></span> <span class='ocrx_word' id='word_1_51' title='bbox 244 951 283 995; x_wconf 87' lang='lat' dir='ltr'><strong>ea</strong></span> <span class='ocrx_word' id='word_1_52' title='bbox 306 930 374 994; x_wconf 89' lang='lat' dir='ltr'><strong>eius</strong></span> <span class='ocrx_word' id='word_1_53' title='bbox 390 929 528 1015; x_wconf 86' lang='lat' dir='ltr'><strong>generis,</strong></span> <span class='ocrx_word' id='word_1_54' title='bbox 549 951 647 1015; x_wconf 89' lang='lat' dir='ltr'><strong>quam</strong></span> <span class='ocrx_word' id='word_1_55' title='bbox 669 952 733 995; x_wconf 91' lang='lat' dir='ltr'><strong>non</strong></span> <span class='ocrx_word' id='word_1_56' title='bbox 752 930 928 1017; x_wconf 82' lang='lat' dir='ltr'><strong>magistelli</strong></span> <span class='ocrx_word' id='word_1_57' title='bbox 951 929 1119 995; x_wconf 88' lang='lat' dir='ltr'><strong>cuiusdam</strong></span> <span class='ocrx_word' id='word_1_58' title='bbox 1140 931 1305 996; x_wconf 83' lang='lat' dir='ltr'><strong>sedulitati</strong></span> <span class='ocrx_word' id='word_1_59' title='bbox 1328 932 1386 996; x_wconf 91' lang='lat' dir='ltr'><strong>sed</strong></span> 
     </span>
     <span class='ocr_line' id='line_1_8' title="bbox 162 1031 1386 1121; baseline 0.002 -24"><span class='ocrx_word' id='word_1_60' title='bbox 162 1033 224 1121; x_wconf 92' lang='lat' dir='ltr'><strong>ipsi</strong></span> <span class='ocrx_word' id='word_1_61' title='bbox 261 1031 385 1098; x_wconf 89' lang='lat' dir='ltr'><strong>auctori</strong></span> <span class='ocrx_word' id='word_1_62' title='bbox 419 1032 615 1097; x_wconf 81' lang='lat' dir='ltr'><strong>recensionis</strong></span> <span class='ocrx_word' id='word_1_63' title='bbox 648 1031 838 1098; x_wconf 88' lang='lat' dir='ltr'><strong>tribuamus.</strong></span> <span class='ocrx_word' id='word_1_64' title='bbox 897 1055 992 1120; x_wconf 90' lang='lat' dir='ltr'><strong>quem</strong></span> <span class='ocrx_word' id='word_1_65' title='bbox 1027 1044 1173 1121; x_wconf 89' lang='lat' dir='ltr'><strong>apertum</strong></span> <span class='ocrx_word' id='word_1_66' title='bbox 1208 1044 1270 1111; x_wconf 89' lang='lat' dir='ltr'><strong>est,</strong></span> <span class='ocrx_word' id='word_1_67' title='bbox 1311 1057 1386 1100; x_wconf 88' lang='lat' dir='ltr'><strong>curn</strong></span> 
     </span>
     <span class='ocr_line' id='line_1_9' title="bbox 165 1134 1387 1225; baseline 0.002 -25"><span class='ocrx_word' id='word_1_68' title='bbox 165 1136 382 1201; x_wconf 86' lang='lat' dir='ltr'><strong>coniecturam</strong></span> <span class='ocrx_word' id='word_1_69' title='bbox 411 1135 541 1212; x_wconf 88' lang='lat' dir='ltr'><strong>faceret,</strong></span> <span class='ocrx_word' id='word_1_70' title='bbox 576 1145 649 1199; x_wconf 88' lang='lat' dir='ltr'><strong>ante</strong></span> <span class='ocrx_word' id='word_1_71' title='bbox 672 1135 781 1200; x_wconf 91' lang='lat' dir='ltr'><strong>oculos</strong></span> <span class='ocrx_word' id='word_1_72' title='bbox 804 1134 953 1200; x_wconf 88' lang='lat' dir='ltr'><strong>habuisse</strong></span> <span class='ocrx_word' id='word_1_73' title='bbox 982 1159 1047 1202; x_wconf 92' lang='lat' dir='ltr'><strong>non</strong></span> <span class='ocrx_word' id='word_1_74' title='bbox 1067 1137 1259 1223; x_wconf 89' lang='lat' dir='ltr'><strong>scripturam</strong></span> <span class='ocrx_word' id='word_1_75' title='bbox 1287 1160 1387 1225; x_wconf 89' lang='lat' dir='ltr'><strong>quam</strong></span> 
     </span>
     <span class='ocr_line' id='line_1_10' title="bbox 161 1235 1384 1326; baseline 0.002 -24"><span class='ocrx_word' id='word_1_76' title='bbox 161 1240 194 1303; x_wconf 90' lang='lat' dir='ltr'>A</span> <span class='ocrx_word' id='word_1_77' title='bbox 216 1235 349 1326; x_wconf 84' lang='lat' dir='ltr'><strong>praebet</strong></span> <span class='ocrx_word' id='word_1_78' title='bbox 370 1238 510 1301; x_wconf 79' lang='lat' dir='ltr'><strong>insanam</strong></span> <span class='ocrx_word' id='word_1_79' title='bbox 526 1238 604 1319; x_wconf 82' lang='lat' dir='ltr'><strong>bena,</strong></span> <span class='ocrx_word' id='word_1_80' title='bbox 629 1237 686 1302; x_wconf 88' lang='lat' dir='ltr'><strong>sed</strong></span> <span class='ocrx_word' id='word_1_81' title='bbox 708 1241 811 1302; x_wconf 75' lang='lat' dir='ltr'><strong>itunae</strong></span> <span class='ocrx_word' id='word_1_82' title='bbox 826 1240 905 1321; x_wconf 83' lang='lat' dir='ltr'><strong>bene,</strong></span> <span class='ocrx_word' id='word_1_83' title='bbox 929 1260 994 1322; x_wconf 90' lang='lat' dir='ltr'><strong>qua</strong></span> <span class='ocrx_word' id='word_1_84' title='bbox 1016 1239 1084 1303; x_wconf 90' lang='lat' dir='ltr'><strong>sola</strong></span> <span class='ocrx_word' id='word_1_85' title='bbox 1106 1240 1148 1303; x_wconf 90' lang='lat' dir='ltr'><strong>ad</strong></span> <span class='ocrx_word' id='word_1_86' title='bbox 1170 1239 1384 1305; x_wconf 81' lang='lat' dir='ltr'><strong>mutationem</strong></span> 
     </span>
     <span class='ocr_line' id='line_1_11' title="bbox 161 1340 1386 1428; baseline 0.001 -23"><span class='ocrx_word' id='word_1_87' title='bbox 161 1343 217 1406; x_wconf 77' lang='lat' dir='ltr'><strong>laos</strong></span> <span class='ocrx_word' id='word_1_88' title='bbox 238 1363 310 1404; x_wconf 84' lang='lat' dir='ltr'><strong>sane</strong></span> <span class='ocrx_word' id='word_1_89' title='bbox 332 1341 402 1404; x_wconf 87' lang='lat' dir='ltr'><strong>bene</strong></span> <span class='ocrx_word' id='word_1_90' title='bbox 430 1340 533 1427; x_wconf 91' lang='lat' dir='ltr'><strong>potuit</strong></span> <span class='ocrx_word' id='word_1_91' title='bbox 555 1340 697 1428; x_wconf 89' lang='lat' dir='ltr'><strong>perduci.</strong></span> <span class='ocrx_word' id='word_1_92' title='bbox 741 1342 826 1405; x_wconf 90' lang='lat' dir='ltr'><strong>hanc</strong></span> <span class='ocrx_word' id='word_1_93' title='bbox 853 1353 959 1405; x_wconf 88' lang='lat' dir='ltr'><strong>autem</strong></span> <span class='ocrx_word' id='word_1_94' title='bbox 993 1343 1216 1406; x_wconf 89' lang='lat' dir='ltr'><strong>recensionum</strong></span> <span class='ocrx_word' id='word_1_95' title='bbox 1249 1342 1386 1408; x_wconf 86' lang='lat' dir='ltr'><strong>diversi-</strong></span> 
     </span>
     <span class='ocr_line' id='line_1_12' title="bbox 162 1442 1386 1532; baseline 0.002 -23"><span class='ocrx_word' id='word_1_96' title='bbox 162 1455 261 1509; x_wconf 89' lang='lat' dir='ltr'><strong>tatem</strong></span> <span class='ocrx_word' id='word_1_97' title='bbox 284 1455 318 1506; x_wconf 90' lang='lat' dir='ltr'><strong>ut</strong></span> <span class='ocrx_word' id='word_1_98' title='bbox 346 1464 490 1507; x_wconf 87' lang='lat' dir='ltr'><strong>summae</strong></span> <span class='ocrx_word' id='word_1_99' title='bbox 518 1444 704 1526; x_wconf 89' lang='lat' dir='ltr'><strong>antiquitati</strong></span> <span class='ocrx_word' id='word_1_100' title='bbox 732 1442 873 1509; x_wconf 88' lang='lat' dir='ltr'><strong>tribuam</strong></span> <span class='ocrx_word' id='word_1_101' title='bbox 903 1465 1001 1528; x_wconf 86' lang='lat' dir='ltr'><strong>cogor</strong></span> <span class='ocrx_word' id='word_1_102' title='bbox 1023 1444 1123 1508; x_wconf 89' lang='lat' dir='ltr'><strong>altero</strong></span> <span class='ocrx_word' id='word_1_103' title='bbox 1152 1445 1222 1509; x_wconf 89' lang='lat' dir='ltr'><strong>loco</strong></span> <span class='ocrx_word' id='word_1_104' title='bbox 1244 1445 1386 1532; x_wconf 86' lang='lat' dir='ltr'><strong>gemello</strong></span> 
     </span>
     <span class='ocr_line' id='line_1_13' title="bbox 162 1545 1386 1634; baseline 0.002 -24"><span class='ocrx_word' id='word_1_105' title='bbox 162 1548 230 1613; x_wconf 84' lang='lat' dir='ltr'><strong>Mil.</strong></span> <span class='ocrx_word' id='word_1_106' title='bbox 252 1547 328 1631; x_wconf 74' lang='lat' dir='ltr'><strong>plor.</strong></span> <span class='ocrx_word' id='word_1_107' title='bbox 357 1545 412 1628; x_wconf 81' lang='lat'><strong>24,</strong></span> <span class='ocrx_word' id='word_1_108' title='bbox 448 1567 544 1629; x_wconf 93' lang='lat' dir='ltr'><strong>quem</strong></span> <span class='ocrx_word' id='word_1_109' title='bbox 571 1545 770 1611; x_wconf 88' lang='lat' dir='ltr'><strong>Ritschelius</strong></span> <span class='ocrx_word' id='word_1_110' title='bbox 806 1547 936 1631; x_wconf 85' lang='lat' dir='ltr'><strong>egregie</strong></span> <span class='ocrx_word' id='word_1_111' title='bbox 964 1549 1113 1612; x_wconf 85' lang='lat' dir='ltr'><strong>tractavit</strong></span> <span class='ocrx_word' id='word_1_112' title='bbox 1145 1547 1202 1633; x_wconf 84' lang='lat' dir='ltr'><strong>Op</strong></span> <span class='ocrx_word' id='word_1_113' title='bbox 1222 1548 1301 1634; x_wconf 76' lang='lat' dir='ltr'><strong>plait.</strong></span> <span class='ocrx_word' id='word_1_114' title='bbox 1326 1548 1386 1613; x_wconf 94' lang='lat' dir='ltr'><strong>III</strong></span> 
     </span>
     <span class='ocr_line' id='line_1_14' title="bbox 162 1649 317 1733; baseline -0.019 -18"><span class='ocrx_word' id='word_1_115' title='bbox 162 1649 224 1715; x_wconf 84' lang='lat'><strong>789</strong></span> <span class='ocrx_word' id='word_1_116' title='bbox 247 1671 317 1733; x_wconf 85' lang='lat' dir='ltr'><strong>sqq.</strong></span> 
     </span>
    </p>

    <p class='ocr_par' dir='ltr' id='par_1_3' title="bbox 246 1749 1093 1840">
     <span class='ocr_line' id='line_1_15' title="bbox 246 1749 1093 1840; baseline -0.004 -23"><span class='ocrx_word' id='word_1_117' title='bbox 246 1752 297 1817; x_wconf 89' lang='lat' dir='ltr'><strong>A:</strong></span> <span class='ocrx_word' id='word_1_118' title='bbox 320 1750 375 1815; x_wconf 86' lang='lat' dir='ltr'><strong>Me</strong></span> <span class='ocrx_word' id='word_1_119' title='bbox 398 1749 459 1816; x_wconf 87' lang='lat' dir='ltr'><strong>sibi</strong></span> <span class='ocrx_word' id='word_1_120' title='bbox 480 1750 615 1817; x_wconf 85' lang='lat' dir='ltr'><strong>habeto:</strong></span> <span class='ocrx_word' id='word_1_121' title='bbox 639 1773 700 1837; x_wconf 84' lang='lat' dir='ltr'><strong>ego</strong></span> <span class='ocrx_word' id='word_1_122' title='bbox 723 1773 774 1816; x_wconf 92' lang='lat' dir='ltr'><strong>me</strong></span> <span class='ocrx_word' id='word_1_123' title='bbox 796 1754 969 1840; x_wconf 89' lang='lat' dir='ltr'><strong>mancupio</strong></span> <span class='ocrx_word' id='word_1_124' title='bbox 992 1751 1093 1817; x_wconf 88' lang='lat' dir='ltr'><strong>dabo:</strong></span> 
     </span>
    </p>

    <p class='ocr_par' dir='ltr' id='par_1_4' title="bbox 314 1851 1219 1941">
     <span class='ocr_line' id='line_1_16' title="bbox 314 1851 1219 1941; baseline 0.001 -23"><span class='ocrx_word' id='word_1_125' title='bbox 314 1851 388 1918; x_wconf 87' lang='lat' dir='ltr'><strong>Nisi</strong></span> <span class='ocrx_word' id='word_1_126' title='bbox 412 1875 512 1919; x_wconf 92' lang='lat' dir='ltr'><strong>unum</strong></span> <span class='ocrx_word' id='word_1_127' title='bbox 532 1901 785 1923; x_wconf 90' lang='grc'><strong>...........</strong></span> <span class='ocrx_word' id='word_1_128' title='bbox 799 1866 851 1920; x_wconf 90' lang='lat' dir='ltr'><strong>tur</strong></span> <span class='ocrx_word' id='word_1_129' title='bbox 872 1856 918 1941; x_wconf 75' lang='lat' dir='ltr'><strong>(l)</strong></span> <span class='ocrx_word' id='word_1_130' title='bbox 933 1857 1113 1920; x_wconf 91' lang='lat' dir='ltr'><strong>insanum</strong></span> <span class='ocrx_word' id='word_1_131' title='bbox 1136 1854 1219 1920; x_wconf 89' lang='lat' dir='ltr'><strong>bene</strong></span> 
     </span>
    </p>

    <p class='ocr_par' dir='ltr' id='par_1_5' title="bbox 246 1954 1135 2046">
     <span class='ocr_line' id='line_1_17' title="bbox 246 1954 1135 2046; baseline 0.001 -25"><span class='ocrx_word' id='word_1_132' title='bbox 246 1956 289 2021; x_wconf 84' lang='lat' dir='ltr'><strong>P:</strong></span> <span class='ocrx_word' id='word_1_133' title='bbox 311 1954 366 2021; x_wconf 90' lang='lat' dir='ltr'><strong>Me</strong></span> <span class='ocrx_word' id='word_1_134' title='bbox 389 1955 450 2020; x_wconf 90' lang='lat' dir='ltr'><strong>sibi</strong></span> <span class='ocrx_word' id='word_1_135' title='bbox 472 1955 609 2022; x_wconf 87' lang='lat' dir='ltr'><strong>habeto:</strong></span> <span class='ocrx_word' id='word_1_136' title='bbox 633 1969 664 2022; x_wconf 89' lang='lat' dir='ltr'><strong>et</strong></span> <span class='ocrx_word' id='word_1_137' title='bbox 686 1981 745 2045; x_wconf 85' lang='lat' dir='ltr'><strong>ego</strong></span> <span class='ocrx_word' id='word_1_138' title='bbox 769 1981 820 2022; x_wconf 92' lang='lat' dir='ltr'><strong>me</strong></span> <span class='ocrx_word' id='word_1_139' title='bbox 843 1958 1014 2046; x_wconf 89' lang='lat' dir='ltr'><strong>mancupio</strong></span> <span class='ocrx_word' id='word_1_140' title='bbox 1037 1958 1135 2024; x_wconf 88' lang='lat' dir='ltr'><strong>dabo:</strong></span> 
     </span>
    </p>

    <p class='ocr_par' dir='ltr' id='par_1_6' title="bbox 159 2057 1389 3690">
     <span class='ocr_line' id='line_1_18' title="bbox 312 2057 1343 2148; baseline 0.005 -23"><span class='ocrx_word' id='word_1_141' title='bbox 312 2057 387 2125; x_wconf 87' lang='lat' dir='ltr'><strong>Nisi</strong></span> <span class='ocrx_word' id='word_1_142' title='bbox 409 2082 508 2126; x_wconf 90' lang='lat' dir='ltr'><strong>unum</strong></span> <span class='ocrx_word' id='word_1_143' title='bbox 531 2060 693 2148; x_wconf 84' lang='lat' dir='ltr'><strong>epityrum</strong></span> <span class='ocrx_word' id='word_1_144' title='bbox 716 2059 803 2147; x_wconf 90' lang='lat' dir='ltr'><strong>apud</strong></span> <span class='ocrx_word' id='word_1_145' title='bbox 826 2060 916 2125; x_wconf 91' lang='lat' dir='ltr'><strong>illum</strong></span> <span class='ocrx_word' id='word_1_146' title='bbox 940 2071 1027 2126; x_wconf 91' lang='lat' dir='ltr'><strong>estur</strong></span> <span class='ocrx_word' id='word_1_147' title='bbox 1049 2062 1188 2125; x_wconf 90' lang='lat' dir='ltr'><strong>insane</strong></span> <span class='ocrx_word' id='word_1_148' title='bbox 1211 2059 1293 2125; x_wconf 87' lang='lat' dir='ltr'><strong>bene</strong></span> <span class='ocrx_word' id='word_1_149' title='bbox 1306 2063 1343 2145; x_wconf 90' lang='lat'><strong>¹).</strong></span> 
     </span>
     <span class='ocr_line' id='line_1_19' title="bbox 161 2161 1389 2251; baseline 0.002 -25"><span class='ocrx_word' id='word_1_150' title='bbox 161 2162 230 2227; x_wconf 88' lang='lat' dir='ltr'><strong>eius</strong></span> <span class='ocrx_word' id='word_1_151' title='bbox 263 2162 349 2226; x_wconf 91' lang='lat' dir='ltr'><strong>enim</strong></span> <span class='ocrx_word' id='word_1_152' title='bbox 375 2163 438 2228; x_wconf 91' lang='lat' dir='ltr'><strong>loci</strong></span> <span class='ocrx_word' id='word_1_153' title='bbox 466 2162 636 2227; x_wconf 85' lang='lat' dir='ltr'><strong>diversitas</strong></span> <span class='ocrx_word' id='word_1_154' title='bbox 670 2161 850 2247; x_wconf 88' lang='lat' dir='ltr'><strong>scripturae</strong></span> <span class='ocrx_word' id='word_1_155' title='bbox 880 2163 921 2227; x_wconf 88' lang='lat' dir='ltr'><strong>ad</strong></span> <span class='ocrx_word' id='word_1_156' title='bbox 949 2164 1021 2249; x_wconf 91' lang='lat' dir='ltr'><strong>ipsa</strong></span> <span class='ocrx_word' id='word_1_157' title='bbox 1050 2162 1208 2231; x_wconf 88' lang='lat' dir='ltr'><strong>Varronis</strong></span> <span class='ocrx_word' id='word_1_158' title='bbox 1239 2174 1389 2251; x_wconf 89' lang='lat' dir='ltr'><strong>tempora</strong></span> 
     </span>
     <span class='ocr_line' id='line_1_20' title="bbox 161 2264 1388 2353; baseline 0.003 -26"><span class='ocrx_word' id='word_1_159' title='bbox 161 2266 308 2343; x_wconf 87' lang='lat' dir='ltr'><strong>refertur,</strong></span> <span class='ocrx_word' id='word_1_160' title='bbox 341 2267 398 2353; x_wconf 93' lang='lat' dir='ltr'><strong>qui</strong></span> <span class='ocrx_word' id='word_1_161' title='bbox 421 2265 572 2330; x_wconf 85' lang='lat' dir='ltr'><strong>videlicet</strong></span> <span class='ocrx_word' id='word_1_162' title='bbox 600 2267 638 2329; x_wconf 85' lang='lat' dir='ltr'><strong>de</strong></span> <span class='ocrx_word' id='word_1_163' title='bbox 660 2266 679 2328; x_wconf 89' lang='lat' dir='ltr'><strong>l.</strong></span> <span class='ocrx_word' id='word_1_164' title='bbox 704 2265 756 2329; x_wconf 89' lang='lat' dir='ltr'><strong>lot.</strong></span> <span class='ocrx_word' id='word_1_165' title='bbox 780 2264 952 2351; x_wconf 70' lang='lat' dir='ltr'><strong>V11862)</strong></span> <span class='ocrx_word' id='word_1_166' title='bbox 980 2276 1016 2330; x_wconf 94' lang='lat' dir='ltr'><strong>ut</strong></span> <span class='ocrx_word' id='word_1_167' title='bbox 1038 2266 1064 2331; x_wconf 92' lang='lat' dir='ltr'><strong>P</strong></span> <span class='ocrx_word' id='word_1_168' title='bbox 1090 2269 1194 2329; x_wconf 79' lang='lat' dir='ltr'><strong>insane</strong></span> <span class='ocrx_word' id='word_1_169' title='bbox 1222 2267 1293 2329; x_wconf 82' lang='lat' dir='ltr'><strong>bene</strong></span> <span class='ocrx_word' id='word_1_170' title='bbox 1323 2288 1388 2331; x_wconf 90' lang='lat' dir='ltr'><strong>me-</strong></span> 
     </span>
     <span class='ocr_line' id='line_1_21' title="bbox 160 2365 1386 2454; baseline 0.002 -24"><span class='ocrx_word' id='word_1_171' title='bbox 160 2366 279 2431; x_wconf 89' lang='lat' dir='ltr'><strong>moriae</strong></span> <span class='ocrx_word' id='word_1_172' title='bbox 302 2366 444 2432; x_wconf 87' lang='lat' dir='ltr'><strong>tradidit.</strong></span> <span class='ocrx_word' id='word_1_173' title='bbox 488 2368 543 2451; x_wconf 93' lang='lat' dir='ltr'><strong>qui</strong></span> <span class='ocrx_word' id='word_1_174' title='bbox 567 2389 672 2450; x_wconf 92' lang='lat' dir='ltr'><strong>neque</strong></span> <span class='ocrx_word' id='word_1_175' title='bbox 701 2367 879 2454; x_wconf 88' lang='lat' dir='ltr'><strong>archetypo</strong></span> <span class='ocrx_word' id='word_1_176' title='bbox 894 2365 1063 2432; x_wconf 87' lang='lat' dir='ltr'><strong>Palatinae</strong></span> <span class='ocrx_word' id='word_1_177' title='bbox 1087 2367 1282 2433; x_wconf 86' lang='lat' dir='ltr'><strong>recensionis</strong></span> <span class='ocrx_word' id='word_1_178' title='bbox 1306 2391 1386 2434; x_wconf 90' lang='lat' dir='ltr'><strong>usus</strong></span> 
     </span>
     <span class='ocr_line' id='line_1_22' title="bbox 162 2468 1385 2556; baseline 0.002 -23"><span class='ocrx_word' id='word_1_179' title='bbox 162 2480 276 2535; x_wconf 90' lang='lat' dir='ltr'><strong>est-</strong></span> <span class='ocrx_word' id='word_1_180' title='bbox 299 2490 372 2537; x_wconf 91' lang='lat' dir='ltr'><strong>oum</strong></span> <span class='ocrx_word' id='word_1_181' title='bbox 394 2468 568 2536; x_wconf 87' lang='lat' dir='ltr'><strong>verborum</strong></span> <span class='ocrx_word' id='word_1_182' title='bbox 596 2471 681 2556; x_wconf 75' lang='lat' dir='ltr'><strong>apred</strong></span> <span class='ocrx_word' id='word_1_183' title='bbox 701 2471 789 2534; x_wconf 84' lang='lat' dir='ltr'><strong>illum</strong></span> <span class='ocrx_word' id='word_1_184' title='bbox 815 2490 880 2534; x_wconf 91' lang='lat' dir='ltr'><strong>non</strong></span> <span class='ocrx_word' id='word_1_185' title='bbox 903 2470 1007 2556; x_wconf 84' lang='lat' dir='ltr'><strong>magis</strong></span> <span class='ocrx_word' id='word_1_186' title='bbox 1037 2483 1134 2555; x_wconf 90' lang='lat' dir='ltr'><strong>atque</strong></span> <span class='ocrx_word' id='word_1_187' title='bbox 1163 2471 1197 2534; x_wconf 94' lang='lat' dir='ltr'><strong>in</strong></span> <span class='ocrx_word' id='word_1_188' title='bbox 1223 2470 1258 2534; x_wconf 84' lang='lat' dir='ltr'>A</span> <span class='ocrx_word' id='word_1_189' title='bbox 1281 2470 1385 2535; x_wconf 90' lang='lat' dir='ltr'><strong>ullum</strong></span> 
     </span>
     <span class='ocr_line' id='line_1_23' title="bbox 161 2571 1387 2660; baseline 0.002 -25"><span class='ocrx_word' id='word_1_190' title='bbox 161 2571 333 2659; x_wconf 83' lang='lat' dir='ltr'><strong>vestigium</strong></span> <span class='ocrx_word' id='word_1_191' title='bbox 356 2585 513 2660; x_wconf 86' lang='lat' dir='ltr'><strong>appareat</strong></span> <span class='ocrx_word' id='word_1_192' title='bbox 542 2572 597 2659; x_wconf 85' lang='lat' dir='ltr'><strong>(cf.</strong></span> <span class='ocrx_word' id='word_1_193' title='bbox 621 2596 651 2660; x_wconf 90' lang='lat' dir='ltr'><strong>p.</strong></span> <span class='ocrx_word' id='word_1_194' title='bbox 676 2572 732 2657; x_wconf 79' lang='lat'><strong>76)</strong></span> <span class='ocrx_word' id='word_1_195' title='bbox 754 2611 797 2622; x_wconf 91' lang='lat'>-</span> <span class='ocrx_word' id='word_1_196' title='bbox 818 2594 924 2658; x_wconf 91' lang='lat' dir='ltr'><strong>neque</strong></span> <span class='ocrx_word' id='word_1_197' title='bbox 946 2573 1125 2660; x_wconf 85' lang='lat' dir='ltr'><strong>archetypo</strong></span> <span class='ocrx_word' id='word_1_198' title='bbox 1146 2571 1387 2638; x_wconf 89' lang='lat' dir='ltr'><strong>Ambrosianae</strong></span> 
     </span>
     <span class='ocr_line' id='line_1_24' title="bbox 159 2674 1387 2764; baseline 0.001 -25"><span class='ocrx_word' id='word_1_199' title='bbox 159 2676 354 2742; x_wconf 90' lang='lat' dir='ltr'><strong>recensionis</strong></span> <span class='ocrx_word' id='word_1_200' title='bbox 376 2715 419 2726; x_wconf 90' lang='lat'>-</span> <span class='ocrx_word' id='word_1_201' title='bbox 441 2675 474 2740; x_wconf 95' lang='lat' dir='ltr'><strong>id</strong></span> <span class='ocrx_word' id='word_1_202' title='bbox 508 2674 594 2763; x_wconf 92' lang='lat' dir='ltr'><strong>quod</strong></span> <span class='ocrx_word' id='word_1_203' title='bbox 630 2697 671 2740; x_wconf 86' lang='lat' dir='ltr'><strong>ex</strong></span> <span class='ocrx_word' id='word_1_204' title='bbox 705 2674 834 2740; x_wconf 89' lang='lat' dir='ltr'><strong>diversa</strong></span> <span class='ocrx_word' id='word_1_205' title='bbox 866 2676 1026 2764; x_wconf 88' lang='lat' dir='ltr'><strong>scriptura</strong></span> <span class='ocrx_word' id='word_1_206' title='bbox 1059 2678 1199 2739; x_wconf 82' lang='lat' dir='ltr'><strong>insanam</strong></span> <span class='ocrx_word' id='word_1_207' title='bbox 1227 2686 1259 2740; x_wconf 91' lang='lat' dir='ltr'><strong>et</strong></span> <span class='ocrx_word' id='word_1_208' title='bbox 1281 2678 1387 2740; x_wconf 81' lang='lat' dir='ltr'><strong>iasone</strong></span> 
     </span>
     <span class='ocr_line' id='line_1_25' title="bbox 161 2776 1386 2866; baseline -0.001 -23"><span class='ocrx_word' id='word_1_209' title='bbox 161 2778 377 2866; x_wconf 85' lang='lat' dir='ltr'><strong>colligendum</strong></span> <span class='ocrx_word' id='word_1_210' title='bbox 400 2789 450 2844; x_wconf 89' lang='lat' dir='ltr'><strong>est</strong></span> <span class='ocrx_word' id='word_1_211' title='bbox 477 2817 520 2828; x_wconf 94' lang='lat'><em>-</em></span> <span class='ocrx_word' id='word_1_212' title='bbox 547 2800 653 2863; x_wconf 88' lang='lat' dir='ltr'><strong>neque</strong></span> <span class='ocrx_word' id='word_1_213' title='bbox 676 2778 816 2863; x_wconf 89' lang='lat' dir='ltr'><strong>denique</strong></span> <span class='ocrx_word' id='word_1_214' title='bbox 843 2800 1045 2843; x_wconf 91' lang='lat' dir='ltr'><strong>communem</strong></span> <span class='ocrx_word' id='word_1_215' title='bbox 1074 2776 1243 2862; x_wconf 90' lang='lat' dir='ltr'><strong>utriusque</strong></span> <span class='ocrx_word' id='word_1_216' title='bbox 1277 2798 1386 2843; x_wconf 89' lang='lat' dir='ltr'><strong>recen·</strong></span> 
     </span>
     <span class='ocr_line' id='line_1_26' title="bbox 161 2881 1387 2970; baseline 0.001 -25"><span class='ocrx_word' id='word_1_217' title='bbox 161 2883 260 2948; x_wconf 91' lang='lat' dir='ltr'><strong>sionis</strong></span> <span class='ocrx_word' id='word_1_218' title='bbox 296 2881 508 2970; x_wconf 86' lang='lat' dir='ltr'><strong>archetypum</strong></span> <span class='ocrx_word' id='word_1_219' title='bbox 536 2904 741 2948; x_wconf 87' lang='lat' dir='ltr'><strong>communem</strong></span> <span class='ocrx_word' id='word_1_220' title='bbox 776 2881 926 2947; x_wconf 88' lang='lat' dir='ltr'><strong>adhibuit</strong></span> <span class='ocrx_word' id='word_1_221' title='bbox 957 2921 1001 2932; x_wconf 90' lang='lat'><strong>-—</strong></span> <span class='ocrx_word' id='word_1_222' title='bbox 1032 2883 1154 2966; x_wconf 92' lang='lat' dir='ltr'><strong>inquo</strong></span> <span class='ocrx_word' id='word_1_223' title='bbox 1182 2891 1237 2946; x_wconf 88' lang='lat' dir='ltr'><strong>aut</strong></span> <span class='ocrx_word' id='word_1_224' title='bbox 1258 2881 1309 2944; x_wconf 84' lang='lat' dir='ltr'><strong>illi</strong></span> <span class='ocrx_word' id='word_1_225' title='bbox 1329 2891 1387 2946; x_wconf 90' lang='lat' dir='ltr'><strong>aut</strong></span> 
     </span>
     <span class='ocr_line' id='line_1_27' title="bbox 160 2984 1382 3074; baseline -0.002 -24"><span class='ocrx_word' id='word_1_226' title='bbox 160 2986 354 3074; x_wconf 89' lang='lat' dir='ltr'><strong>scripturam</strong></span> <span class='ocrx_word' id='word_1_227' title='bbox 375 2984 451 3051; x_wconf 91' lang='lat' dir='ltr'><strong>inde</strong></span> <span class='ocrx_word' id='word_1_228' title='bbox 466 2985 647 3051; x_wconf 87' lang='lat' dir='ltr'><strong>derivatam</strong></span> <span class='ocrx_word' id='word_1_229' title='bbox 669 2986 755 3071; x_wconf 72' lang='lat' dir='ltr'><strong>oprtd</strong></span> <span class='ocrx_word' id='word_1_230' title='bbox 774 2985 862 3049; x_wconf 81' lang='lat' dir='ltr'><strong>ittam</strong></span> <span class='ocrx_word' id='word_1_231' title='bbox 877 2984 977 3049; x_wconf 87' lang='lat' dir='ltr'><strong>fuisse</strong></span> <span class='ocrx_word' id='word_1_232' title='bbox 1000 2995 1108 3050; x_wconf 93' lang='lat' dir='ltr'><strong>nostro</strong></span> <span class='ocrx_word' id='word_1_233' title='bbox 1120 2985 1191 3050; x_wconf 89' lang='lat' dir='ltr'><strong>iure</strong></span> <span class='ocrx_word' id='word_1_234' title='bbox 1213 2984 1382 3050; x_wconf 88' lang='lat' dir='ltr'><strong>sumimus.</strong></span> 
     </span>
     <span class='ocr_line' id='line_1_28' title="bbox 159 3085 1384 3174; baseline -0.003 -19"><span class='ocrx_word' id='word_1_235' title='bbox 159 3091 257 3156; x_wconf 93' lang='lat' dir='ltr'><strong>immo</strong></span> <span class='ocrx_word' id='word_1_236' title='bbox 279 3103 314 3155; x_wconf 89' lang='lat' dir='ltr'><strong>ut</strong></span> <span class='ocrx_word' id='word_1_237' title='bbox 330 3090 440 3157; x_wconf 80' lang='lat' dir='ltr'><strong>Pseud.</strong></span> <span class='ocrx_word' id='word_1_238' title='bbox 456 3090 528 3167; x_wconf 76' lang='lat'><strong>955,</strong></span> <span class='ocrx_word' id='word_1_239' title='bbox 553 3087 593 3155; x_wconf 91' lang='lat' dir='ltr'><strong>de</strong></span> <span class='ocrx_word' id='word_1_240' title='bbox 614 3110 679 3173; x_wconf 91' lang='lat' dir='ltr'><strong>quo</strong></span> <span class='ocrx_word' id='word_1_241' title='bbox 700 3087 772 3152; x_wconf 92' lang='lat' dir='ltr'><strong>loco</strong></span> <span class='ocrx_word' id='word_1_242' title='bbox 793 3087 846 3174; x_wconf 85' lang='lat' dir='ltr'><strong>egi</strong></span> <span class='ocrx_word' id='word_1_243' title='bbox 868 3086 1253 3174; x_wconf 74' lang='lat' dir='ltr'><strong>p.120etMerc.615⁸)</strong></span> <span class='ocrx_word' id='word_1_244' title='bbox 1276 3085 1384 3152; x_wconf 87' lang='lat' dir='ltr'><strong>Varro</strong></span> 
     </span>
     <span class='ocr_line' id='line_1_29' title="bbox 162 3188 1384 3275; baseline -0.002 -19"><span class='ocrx_word' id='word_1_245' title='bbox 162 3191 273 3258; x_wconf 86' lang='lat' dir='ltr'><strong>codice</strong></span> <span class='ocrx_word' id='word_1_246' title='bbox 295 3214 373 3258; x_wconf 90' lang='lat' dir='ltr'><strong>usus</strong></span> <span class='ocrx_word' id='word_1_247' title='bbox 394 3215 464 3257; x_wconf 89' lang='lat' dir='ltr'><strong>esse</strong></span> <span class='ocrx_word' id='word_1_248' title='bbox 488 3191 614 3258; x_wconf 84' lang='lat' dir='ltr'><strong>videtur</strong></span> <span class='ocrx_word' id='word_1_249' title='bbox 642 3189 683 3255; x_wconf 91' lang='lat' dir='ltr'><strong>ab</strong></span> <span class='ocrx_word' id='word_1_250' title='bbox 705 3189 855 3256; x_wconf 89' lang='lat' dir='ltr'><strong>omnibus</strong></span> <span class='ocrx_word' id='word_1_251' title='bbox 883 3189 947 3254; x_wconf 91' lang='lat' dir='ltr'><strong>illis</strong></span> <span class='ocrx_word' id='word_1_252' title='bbox 975 3190 1115 3258; x_wconf 82' lang='lat' dir='ltr'><strong>diverso.</strong></span> <span class='ocrx_word' id='word_1_253' title='bbox 1158 3188 1237 3275; x_wconf 94' lang='lat' dir='ltr'><strong>quid</strong></span> <span class='ocrx_word' id='word_1_254' title='bbox 1258 3189 1384 3274; x_wconf 78' lang='lat' dir='ltr'><strong>igitur?</strong></span> 
     </span>
     <span class='ocr_line' id='line_1_30' title="bbox 160 3291 1382 3382; baseline -0.002 -24"><span class='ocrx_word' id='word_1_255' title='bbox 160 3295 352 3382; x_wconf 85' lang='lat' dir='ltr'><strong>scripturam</strong></span> <span class='ocrx_word' id='word_1_256' title='bbox 380 3297 484 3359; x_wconf 82' lang='lat' dir='ltr'><strong>insane</strong></span> <span class='ocrx_word' id='word_1_257' title='bbox 507 3295 578 3360; x_wconf 83' lang='lat' dir='ltr'><strong>bene</strong></span> <span class='ocrx_word' id='word_1_258' title='bbox 603 3295 637 3358; x_wconf 93' lang='lat' dir='ltr'><strong>in</strong></span> <span class='ocrx_word' id='word_1_259' title='bbox 668 3293 794 3359; x_wconf 90' lang='lat' dir='ltr'><strong>duobus</strong></span> <span class='ocrx_word' id='word_1_260' title='bbox 820 3291 1003 3358; x_wconf 81' lang='lat' dir='ltr'><strong>fabularum</strong></span> <span class='ocrx_word' id='word_1_261' title='bbox 1026 3292 1251 3358; x_wconf 88' lang='lat' dir='ltr'><strong>Plautinarum</strong></span> <span class='ocrx_word' id='word_1_262' title='bbox 1274 3313 1382 3357; x_wconf 87' lang='lat' dir='ltr'><strong>exem-</strong></span> 
     </span>
     <span class='ocr_line' id='line_1_31' title="bbox 160 3395 1384 3483; baseline -0.001 -22"><span class='ocrx_word' id='word_1_263' title='bbox 160 3396 303 3483; x_wconf 86' lang='lat' dir='ltr'><strong>plaribus</strong></span> <span class='ocrx_word' id='word_1_264' title='bbox 327 3396 575 3482; x_wconf 87' lang='lat' dir='ltr'><strong>antiquissimis,</strong></span> <span class='ocrx_word' id='word_1_265' title='bbox 610 3397 699 3463; x_wconf 93' lang='lat' dir='ltr'><strong>nullo</strong></span> <span class='ocrx_word' id='word_1_266' title='bbox 721 3397 806 3461; x_wconf 87' lang='lat' dir='ltr'><strong>inter</strong></span> <span class='ocrx_word' id='word_1_267' title='bbox 827 3418 862 3461; x_wconf 91' lang='lat' dir='ltr'><strong>se</strong></span> <span class='ocrx_word' id='word_1_268' title='bbox 885 3418 1010 3461; x_wconf 87' lang='lat' dir='ltr'><strong>conexu</strong></span> <span class='ocrx_word' id='word_1_269' title='bbox 1033 3395 1213 3460; x_wconf 86' lang='lat' dir='ltr'><strong>coniunctis</strong></span> <span class='ocrx_word' id='word_1_270' title='bbox 1236 3395 1384 3460; x_wconf 88' lang='lat' dir='ltr'><strong>extitisse</strong></span> 
     </span>
     <span class='ocr_line' id='line_1_32' title="bbox 160 3498 1383 3585; baseline 0.002 -21"><span class='ocrx_word' id='word_1_271' title='bbox 160 3498 300 3565; x_wconf 85' lang='lat' dir='ltr'><strong>evictum</strong></span> <span class='ocrx_word' id='word_1_272' title='bbox 323 3510 386 3578; x_wconf 91' lang='lat' dir='ltr'><strong>est,</strong></span> <span class='ocrx_word' id='word_1_273' title='bbox 421 3498 539 3584; x_wconf 90' lang='lat' dir='ltr'><strong>quibus</strong></span> <span class='ocrx_word' id='word_1_274' title='bbox 567 3522 667 3565; x_wconf 92' lang='lat' dir='ltr'><strong>unum</strong></span> <span class='ocrx_word' id='word_1_275' title='bbox 696 3498 819 3577; x_wconf 90' lang='lat' dir='ltr'><strong>obstat,</strong></span> <span class='ocrx_word' id='word_1_276' title='bbox 845 3498 881 3563; x_wconf 91' lang='lat' dir='ltr'><strong>in</strong></span> <span class='ocrx_word' id='word_1_277' title='bbox 908 3522 972 3584; x_wconf 93' lang='lat' dir='ltr'><strong>quo</strong></span> <span class='ocrx_word' id='word_1_278' title='bbox 993 3502 1134 3563; x_wconf 82' lang='lat' dir='ltr'><strong>insanum</strong></span> <span class='ocrx_word' id='word_1_279' title='bbox 1156 3499 1226 3563; x_wconf 82' lang='lat' dir='ltr'><strong>bene</strong></span> <span class='ocrx_word' id='word_1_280' title='bbox 1253 3498 1383 3585; x_wconf 86' lang='lat' dir='ltr'><strong>legitur.</strong></span> 
     </span>
     <span class='ocr_line' id='line_1_33' title="bbox 160 3601 1386 3690; baseline -0.002 -21"><span class='ocrx_word' id='word_1_281' title='bbox 160 3625 224 3690; x_wconf 89' lang='lat' dir='ltr'><strong>qua</strong></span> <span class='ocrx_word' id='word_1_282' title='bbox 252 3604 285 3666; x_wconf 93' lang='lat' dir='ltr'><strong>in</strong></span> <span class='ocrx_word' id='word_1_283' title='bbox 312 3625 419 3669; x_wconf 88' lang='lat' dir='ltr'><strong>rerum</strong></span> <span class='ocrx_word' id='word_1_284' title='bbox 442 3602 629 3668; x_wconf 91' lang='lat' dir='ltr'><strong>condicione</strong></span> <span class='ocrx_word' id='word_1_285' title='bbox 652 3626 727 3669; x_wconf 91' lang='lat' dir='ltr'><strong>cum</strong></span> <span class='ocrx_word' id='word_1_286' title='bbox 752 3625 867 3689; x_wconf 91' lang='lat' dir='ltr'><strong>perse</strong></span> <span class='ocrx_word' id='word_1_287' title='bbox 894 3614 1008 3668; x_wconf 90' lang='lat' dir='ltr'><strong>neutra</strong></span> <span class='ocrx_word' id='word_1_288' title='bbox 1036 3602 1195 3690; x_wconf 89' lang='lat' dir='ltr'><strong>scriptura</strong></span> <span class='ocrx_word' id='word_1_289' title='bbox 1217 3601 1386 3666; x_wconf 87' lang='lat' dir='ltr'><strong>reicienda</strong></span> 
     </span>
    </p>
   </div>
   <div class='ocr_carea' id='block_1_3' title="bbox 159 3852 1382 4034">
    <p class='ocr_par' dir='ltr' id='par_1_7' title="bbox 159 3852 1382 4034">
     <span class='ocr_line' id='line_1_34' title="bbox 247 3852 1382 3964; baseline -0.001 -15"><span class='ocrx_word' id='word_1_290' title='bbox 247 3894 267 3962; x_wconf 89' lang='lat'><strong>¹)</strong></span> <span class='ocrx_word' id='word_1_291' title='bbox 283 3852 332 3949; x_wconf 84' lang='lat' dir='ltr'><strong>Ad</strong></span> <span class='ocrx_word' id='word_1_292' title='bbox 343 3911 426 3964; x_wconf 89' lang='lat' dir='ltr'><strong>qnam</strong></span> <span class='ocrx_word' id='word_1_293' title='bbox 437 3893 606 3963; x_wconf 89' lang='lat' dir='ltr'><strong>scripturam</strong></span> <span class='ocrx_word' id='word_1_294' title='bbox 616 3892 762 3948; x_wconf 87' lang='lat' dir='ltr'><strong>Palatinos</strong></span> <span class='ocrx_word' id='word_1_295' title='bbox 780 3892 899 3947; x_wconf 84' lang='lat' dir='ltr'><strong>sublatis</strong></span> <span class='ocrx_word' id='word_1_296' title='bbox 910 3891 1064 3947; x_wconf 87' lang='lat' dir='ltr'><strong>levioribus</strong></span> <span class='ocrx_word' id='word_1_297' title='bbox 1075 3890 1184 3947; x_wconf 88' lang='lat' dir='ltr'><strong>mendis</strong></span> <span class='ocrx_word' id='word_1_298' title='bbox 1197 3890 1382 3948; x_wconf 86' lang='lat' dir='ltr'><strong>librariorum</strong></span> 
     </span>
     <span class='ocr_line' id='line_1_35' title="bbox 159 3977 671 4034; baseline -0.002 -2"><span class='ocrx_word' id='word_1_299' title='bbox 159 3979 252 4034; x_wconf 86' lang='lat' dir='ltr'><strong>redire</strong></span> <span class='ocrx_word' id='word_1_300' title='bbox 269 3978 440 4034; x_wconf 86' lang='lat' dir='ltr'><strong>Ritschelius</strong></span> <span class='ocrx_word' id='word_1_301' title='bbox 458 3977 671 4032; x_wconf 82' lang='lat' dir='ltr'><strong>demonstravit.</strong></span> 
     </span>
    </p>
   </div>
   <div class='ocr_carea' id='block_1_4' title="bbox 159 4077 1385 4405">
    <p class='ocr_par' dir='ltr' id='par_1_8' title="bbox 159 4077 1385 4405">
     <span class='ocr_line' id='line_1_36' title="bbox 245 4077 1384 4149; baseline -0.003 -13"><span class='ocrx_word' id='word_1_302' title='bbox 245 4083 266 4147; x_wconf 78' lang='lat'><strong>²)</strong></span> <span class='ocrx_word' id='word_1_303' title='bbox 284 4079 421 4136; x_wconf 85' lang='lat' dir='ltr'><strong>Varronis</strong></span> <span class='ocrx_word' id='word_1_304' title='bbox 447 4079 533 4135; x_wconf 86' lang='lat' dir='ltr'><strong>verba</strong></span> <span class='ocrx_word' id='word_1_305' title='bbox 550 4077 706 4133; x_wconf 87' lang='lat' dir='ltr'><strong>secundum</strong></span> <span class='ocrx_word' id='word_1_306' title='bbox 733 4077 794 4133; x_wconf 91' lang='lat' dir='ltr'><strong>cod.</strong></span> <span class='ocrx_word' id='word_1_307' title='bbox 822 4078 947 4135; x_wconf 80' lang='lat' dir='ltr'><strong>Floreat.</strong></span> <span class='ocrx_word' id='word_1_308' title='bbox 977 4082 1056 4134; x_wconf 89' lang='lat' dir='ltr'><strong>sunt:</strong></span> <span class='ocrx_word' id='word_1_309' title='bbox 1084 4079 1166 4149; x_wconf 89' lang='lat' dir='ltr'><strong>,apud</strong></span> <span class='ocrx_word' id='word_1_310' title='bbox 1194 4079 1324 4149; x_wconf 88' lang='lat' dir='ltr'><strong>plantum</strong></span> <span class='ocrx_word' id='word_1_311' title='bbox 1352 4081 1384 4134; x_wconf 86' lang='lat' dir='ltr'><strong>ai</strong></span> 
     </span>
     <span class='ocr_line' id='line_1_37' title="bbox 159 4163 1385 4236; baseline -0.001 -15"><span class='ocrx_word' id='word_1_312' title='bbox 159 4184 259 4222; x_wconf 89' lang='lat' dir='ltr'><strong>anum</strong></span> <span class='ocrx_word' id='word_1_313' title='bbox 277 4166 414 4236; x_wconf 89' lang='lat' dir='ltr'><strong>epityra</strong></span> <span class='ocrx_word' id='word_1_314' title='bbox 431 4168 557 4220; x_wconf 84' lang='lat' dir='ltr'><strong>astoer</strong></span> <span class='ocrx_word' id='word_1_315' title='bbox 574 4165 697 4219; x_wconf 89' lang='lat' dir='ltr'><strong>insane</strong></span> <span class='ocrx_word' id='word_1_316' title='bbox 714 4163 810 4218; x_wconf 88' lang='lat' dir='ltr'><strong>bene.</strong></span> <span class='ocrx_word' id='word_1_317' title='bbox 846 4165 986 4233; x_wconf 88' lang='lat' dir='ltr'><strong>epityrum</strong></span> <span class='ocrx_word' id='word_1_318' title='bbox 998 4163 1166 4219; x_wconf 84' lang='lat' dir='ltr'><strong>vocabulum</strong></span> <span class='ocrx_word' id='word_1_319' title='bbox 1184 4166 1226 4218; x_wconf 87' lang='lat' dir='ltr'><strong>est</strong></span> <span class='ocrx_word' id='word_1_320' title='bbox 1244 4163 1310 4229; x_wconf 91' lang='lat' dir='ltr'><strong>cibi,</strong></span> <span class='ocrx_word' id='word_1_321' title='bbox 1330 4183 1385 4233; x_wconf 91' lang='lat' dir='ltr'><strong>quo</strong></span> 
     </span>
     <span class='ocr_line' id='line_1_38' title="bbox 159 4247 1385 4321; baseline -0.002 -15"><span class='ocrx_word' id='word_1_322' title='bbox 159 4252 332 4321; x_wconf 82' lang='lat' dir='ltr'><strong>frequentius</strong></span> <span class='ocrx_word' id='word_1_323' title='bbox 350 4250 449 4318; x_wconf 85' lang='lat' dir='ltr'><strong>sicilia,</strong></span> <span class='ocrx_word' id='word_1_324' title='bbox 468 4267 551 4319; x_wconf 90' lang='lat' dir='ltr'><strong>qnam</strong></span> <span class='ocrx_word' id='word_1_325' title='bbox 568 4248 650 4304; x_wconf 89' lang='lat' dir='ltr'><strong>italia</strong></span> <span class='ocrx_word' id='word_1_326' title='bbox 660 4265 719 4302; x_wconf 89' lang='lat' dir='ltr'><strong>nsa.</strong></span> <span class='ocrx_word' id='word_1_327' title='bbox 746 4247 776 4302; x_wconf 89' lang='lat' dir='ltr'><strong>id</strong></span> <span class='ocrx_word' id='word_1_328' title='bbox 792 4248 833 4317; x_wconf 86' lang='lat' dir='ltr'><strong>(id</strong></span> <span class='ocrx_word' id='word_1_329' title='bbox 845 4248 891 4303; x_wconf 91' lang='lat' dir='ltr'><strong>edi</strong></span> <span class='ocrx_word' id='word_1_330' title='bbox 903 4249 1060 4318; x_wconf 79' lang='lat' dir='ltr'><strong>Muellerus)</strong></span> <span class='ocrx_word' id='word_1_331' title='bbox 1079 4248 1303 4304; x_wconf 86' lang='lat' dir='ltr'><strong>vehementer</strong></span> <span class='ocrx_word' id='word_1_332' title='bbox 1321 4266 1385 4304; x_wconf 90' lang='lat' dir='ltr'><strong>cum</strong></span> 
     </span>
     <span class='ocr_line' id='line_1_39' title="bbox 159 4333 1261 4405; baseline -0.005 -12"><span class='ocrx_word' id='word_1_333' title='bbox 159 4338 246 4393; x_wconf 81' lang='lat' dir='ltr'><strong>vellet</strong></span> <span class='ocrx_word' id='word_1_334' title='bbox 262 4337 364 4405; x_wconf 90' lang='lat' dir='ltr'><strong>dicere,</strong></span> <span class='ocrx_word' id='word_1_335' title='bbox 382 4336 453 4392; x_wconf 91' lang='lat' dir='ltr'><strong>dicit</strong></span> <span class='ocrx_word' id='word_1_336' title='bbox 471 4337 606 4403; x_wconf 89' lang='lat' dir='ltr'><strong>insane,</strong></span> <span class='ocrx_word' id='word_1_337' title='bbox 625 4333 700 4404; x_wconf 90' lang='lat' dir='ltr'><strong>quod</strong></span> <span class='ocrx_word' id='word_1_338' title='bbox 718 4334 810 4389; x_wconf 91' lang='lat' dir='ltr'><strong>insani</strong></span> <span class='ocrx_word' id='word_1_339' title='bbox 827 4334 935 4390; x_wconf 88' lang='lat' dir='ltr'><strong>faciunt</strong></span> <span class='ocrx_word' id='word_1_340' title='bbox 952 4334 1046 4388; x_wconf 86' lang='lat' dir='ltr'><strong>omnia</strong></span> <span class='ocrx_word' id='word_1_341' title='bbox 1063 4333 1261 4389; x_wconf 82' lang='lat' dir='ltr'><strong>vehementer‘.</strong></span> 
     </span>
    </p>
   </div>
   <div class='ocr_carea' id='block_1_5' title="bbox 245 4435 1050 4509">
    <p class='ocr_par' dir='ltr' id='par_1_9' title="bbox 245 4435 1050 4509">
     <span class='ocr_line' id='line_1_40' title="bbox 245 4435 1050 4509; baseline -0.001 -16"><span class='ocrx_word' id='word_1_342' title='bbox 245 4442 267 4509; x_wconf 79' lang='lat'><strong>8)</strong></span> <span class='ocrx_word' id='word_1_343' title='bbox 284 4439 342 4494; x_wconf 87' lang='lat' dir='ltr'><strong>Neo</strong></span> <span class='ocrx_word' id='word_1_344' title='bbox 358 4439 391 4506; x_wconf 89' lang='lat' dir='ltr'><strong>P,</strong></span> <span class='ocrx_word' id='word_1_345' title='bbox 409 4457 460 4493; x_wconf 84' lang='lat' dir='ltr'><strong>aon</strong></span> <span class='ocrx_word' id='word_1_346' title='bbox 480 4437 570 4493; x_wconf 89' lang='lat' dir='ltr'><strong>Varro</strong></span> <span class='ocrx_word' id='word_1_347' title='bbox 588 4440 621 4492; x_wconf 86' lang='lat' dir='ltr'><strong>de</strong></span> <span class='ocrx_word' id='word_1_348' title='bbox 638 4439 654 4492; x_wconf 86' lang='lat' dir='ltr'><strong>l.</strong></span> <span class='ocrx_word' id='word_1_349' title='bbox 675 4439 720 4491; x_wconf 91' lang='lat' dir='ltr'><strong>lot.</strong></span> <span class='ocrx_word' id='word_1_350' title='bbox 739 4435 799 4492; x_wconf 90' lang='lat' dir='ltr'><strong>VH</strong></span> <span class='ocrx_word' id='word_1_351' title='bbox 817 4439 850 4493; x_wconf 87' lang='lat'><strong>60</strong></span> <span class='ocrx_word' id='word_1_352' title='bbox 868 4439 949 4493; x_wconf 88' lang='lat' dir='ltr'><strong>unice</strong></span> <span class='ocrx_word' id='word_1_353' title='bbox 966 4440 1050 4492; x_wconf 86' lang='lat' dir='ltr'><strong>recte.</strong></span> 
     </span>
    </p>
   </div>
   <div class='ocr_carea' id='block_1_6' title="bbox 0 0 1524 5220">
    <p class='ocr_par' dir='ltr' id='par_1_10' title="bbox 0 0 1524 5220">
     <span class='ocr_line' id='line_1_41' title="bbox 0 0 1524 5220; baseline 0 0"><span class='ocrx_word' id='word_1_354' title='bbox 0 0 1524 5220; x_wconf 95' lang='lat' dir='ltr'><strong> </strong></span> 
     </span>
    </p>
   </div>
  </div>
 </body>
</html>
