<?xml version="1.0" encoding="UTF-8"?>
<!DOCTYPE html PUBLIC "-//W3C//DTD XHTML 1.0 Transitional//EN"
    "http://www.w3.org/TR/xhtml1/DTD/xhtml1-transitional.dtd">
<html xmlns="http://www.w3.org/1999/xhtml" xml:lang="en" lang="en">
 <head>
  <title>
</title>
<meta http-equiv="Content-Type" content="text/html;charset=utf-8" />
  <meta name='ocr-system' content='tesseract 3.04.00' />
  <meta name='ocr-capabilities' content='ocr_page ocr_carea ocr_par ocr_line ocrx_word'/>
</head>
<body>
  <div class='ocr_page' id='page_1' title='image "./deplautifabular01baiegoog_0140.png"; bbox 0 0 3038 5220; ppageno 0'>
   <div class='ocr_carea' id='block_1_1' title="bbox 743 253 802 320">
    <p class='ocr_par' dir='ltr' id='par_1_1' title="bbox 743 253 802 320">
     <span class='ocr_line' id='line_1_1' title="bbox 743 253 802 320; baseline 0.017 -1"><span class='ocrx_word' id='word_1_1' title='bbox 743 253 802 320; x_wconf 83' lang='lat'><strong>131</strong></span> 
     </span>
    </p>
   </div>
   <div class='ocr_carea' id='block_1_2' title="bbox 672 346 875 358">
    <p class='ocr_par' dir='ltr' id='par_1_2' title="bbox 672 346 875 358">
     <span class='ocr_line' id='line_1_2' title="bbox 672 346 875 358; baseline 0.01 -2"><span class='ocrx_word' id='word_1_2' title='bbox 672 346 875 358; x_wconf 67' lang='lat'>-1——-—</span> 
     </span>
    </p>
   </div>
   <div class='ocr_carea' id='block_1_3' title="bbox 209 451 1232 856">
    <p class='ocr_par' dir='ltr' id='par_1_3' title="bbox 264 454 435 518">
     <span class='ocr_line' id='line_1_3' title="bbox 264 454 435 518; baseline 0.006 -1"><span class='ocrx_word' id='word_1_3' title='bbox 264 456 272 471; x_wconf 85' lang='lat'>&#39;</span> <span class='ocrx_word' id='word_1_4' title='bbox 292 500 301 517; x_wconf 88' lang='lat'><strong>.</strong></span> <span class='ocrx_word' id='word_1_5' title='bbox 321 454 363 518; x_wconf 80' lang='lat' dir='ltr'><strong>ol</strong></span> <span class='ocrx_word' id='word_1_6' title='bbox 392 492 435 505; x_wconf 93' lang='grc'>-</span> 
     </span>
    </p>

    <p class='ocr_par' dir='ltr' id='par_1_4' title="bbox 209 451 1232 856">
     <span class='ocr_line' id='line_1_4' title="bbox 209 451 1232 647; baseline 0.015 -30"><span class='ocrx_word' id='word_1_7' title='bbox 209 451 506 622; x_wconf 47' lang='grc' dir='ltr'><strong>Ἧυθῧεὶυῗῗ</strong></span> <span class='ocrx_word' id='word_1_8' title='bbox 519 582 580 644; x_wconf 87' lang='lat' dir='ltr'><strong>ego</strong></span> <span class='ocrx_word' id='word_1_9' title='bbox 591 563 618 647; x_wconf 83' lang='lat'><strong>¹)</strong></span> <span class='ocrx_word' id='word_1_10' title='bbox 640 563 784 647; x_wconf 82' lang='lat' dir='ltr'><strong>inpune?</strong></span> <span class='ocrx_word' id='word_1_11' title='bbox 806 566 903 629; x_wconf 92' lang='lat' dir='ltr'><strong>immo</strong></span> <span class='ocrx_word' id='word_1_12' title='bbox 926 566 1023 628; x_wconf 88' lang='lat' dir='ltr'><strong>etiarn</strong></span> <span class='ocrx_word' id='word_1_13' title='bbox 1046 567 1073 629; x_wconf 93' lang='lat' dir='ltr'><strong>si</strong></span> <span class='ocrx_word' id='word_1_14' title='bbox 1096 567 1232 632; x_wconf 87' lang='lat' dir='ltr'><strong>alterum</strong></span> 
     </span>
     <span class='ocr_line' id='line_1_5' title="bbox 245 655 1187 750; baseline 0.013 -29"><span class='ocrx_word' id='word_1_15' title='bbox 245 655 387 723; x_wconf 74' lang='lat' dir='ltr'><strong>Tantum</strong></span> <span class='ocrx_word' id='word_1_16' title='bbox 411 660 656 744; x_wconf 75' lang='lat' dir='ltr'><strong>perdundumst,</strong></span> <span class='ocrx_word' id='word_1_17' title='bbox 679 665 812 749; x_wconf 89' lang='lat' dir='ltr'><strong>perdam</strong></span> <span class='ocrx_word' id='word_1_18' title='bbox 834 667 939 750; x_wconf 91' lang='lat' dir='ltr'><strong>potius</strong></span> <span class='ocrx_word' id='word_1_19' title='bbox 962 688 1060 750; x_wconf 90' lang='lat' dir='ltr'><strong>quam</strong></span> <span class='ocrx_word' id='word_1_20' title='bbox 1083 669 1187 732; x_wconf 91' lang='lat' dir='ltr'><strong>sinam</strong></span> 
     </span>
     <span class='ocr_line' id='line_1_6' title="bbox 243 758 1163 856; baseline 0.01 -32"><span class='ocrx_word' id='word_1_21' title='bbox 243 758 298 824; x_wconf 79' lang='lat' dir='ltr'><strong>lle</strong></span> <span class='ocrx_word' id='word_1_22' title='bbox 319 760 440 846; x_wconf 89' lang='lat' dir='ltr'><strong>inpune</strong></span> <span class='ocrx_word' id='word_1_23' title='bbox 462 763 592 829; x_wconf 90' lang='lat' dir='ltr'><strong>irrisum</strong></span> <span class='ocrx_word' id='word_1_24' title='bbox 615 788 684 831; x_wconf 87' lang='lat' dir='ltr'><strong>esse</strong></span> <span class='ocrx_word' id='word_1_25' title='bbox 707 767 865 845; x_wconf 89' lang='lat' dir='ltr'><strong>habitum,</strong></span> <span class='ocrx_word' id='word_1_26' title='bbox 889 767 1163 856; x_wconf 80' lang='lat' dir='ltr'><strong>depeculatum.¹)</strong></span> 
     </span>
    </p>
   </div>
   <div class='ocr_carea' id='block_1_4' title="bbox 147 859 1442 3722">
    <p class='ocr_par' dir='ltr' id='par_1_5' title="bbox 171 859 1382 1239">
     <span class='ocr_line' id='line_1_7' title="bbox 174 859 1382 959; baseline 0.01 -34"><span class='ocrx_word' id='word_1_27' title='bbox 174 859 218 939; x_wconf 84' lang='lat' dir='ltr'><strong>qni</strong></span> <span class='ocrx_word' id='word_1_28' title='bbox 240 886 351 929; x_wconf 84' lang='lat' dir='ltr'><strong>versus</strong></span> <span class='ocrx_word' id='word_1_29' title='bbox 372 886 414 930; x_wconf 85' lang='lat' dir='ltr'><strong>ex</strong></span> <span class='ocrx_word' id='word_1_30' title='bbox 437 867 614 954; x_wconf 88' lang='lat' dir='ltr'><strong>exemplari</strong></span> <span class='ocrx_word' id='word_1_31' title='bbox 638 870 784 948; x_wconf 84' lang='lat' dir='ltr'><strong>histrico,</strong></span> <span class='ocrx_word' id='word_1_32' title='bbox 807 884 843 934; x_wconf 89' lang='lat' dir='ltr'><strong>ut</strong></span> <span class='ocrx_word' id='word_1_33' title='bbox 866 871 994 956; x_wconf 85' lang='lat' dir='ltr'>opinor,</span> <span class='ocrx_word' id='word_1_34' title='bbox 1022 871 1166 936; x_wconf 86' lang='lat' dir='ltr'><strong>arcessiti</strong></span> <span class='ocrx_word' id='word_1_35' title='bbox 1188 883 1220 936; x_wconf 91' lang='lat' dir='ltr'><strong>et</strong></span> <span class='ocrx_word' id='word_1_36' title='bbox 1243 875 1382 959; x_wconf 86' lang='lat' dir='ltr'><strong>margini</strong></span> 
     </span>
     <span class='ocr_line' id='line_1_8' title="bbox 173 958 1380 1057; baseline 0.008 -28"><span class='ocrx_word' id='word_1_37' title='bbox 173 958 236 1029; x_wconf 80' lang='lat' dir='ltr'><strong>olim</strong></span> <span class='ocrx_word' id='word_1_38' title='bbox 263 966 419 1054; x_wconf 81' lang='lat' dir='ltr'><strong>adscripti</strong></span> <span class='ocrx_word' id='word_1_39' title='bbox 448 992 510 1032; x_wconf 91' lang='lat' dir='ltr'><strong>non</strong></span> <span class='ocrx_word' id='word_1_40' title='bbox 539 971 643 1036; x_wconf 88' lang='lat' dir='ltr'><strong>solum</strong></span> <span class='ocrx_word' id='word_1_41' title='bbox 665 973 832 1057; x_wconf 87' lang='lat' dir='ltr'><strong>graviores</strong></span> <span class='ocrx_word' id='word_1_42' title='bbox 855 972 966 1037; x_wconf 80' lang='lat' dir='ltr'><strong>turbas</strong></span> <span class='ocrx_word' id='word_1_43' title='bbox 990 984 1173 1051; x_wconf 90' lang='lat' dir='ltr'><strong>traxerunt,</strong></span> <span class='ocrx_word' id='word_1_44' title='bbox 1202 975 1380 1039; x_wconf 83' lang='lat' dir='ltr'><strong>sedetiam</strong></span> 
     </span>
     <span class='ocr_line' id='line_1_9' title="bbox 172 1060 1379 1162; baseline 0.013 -37"><span class='ocrx_word' id='word_1_45' title='bbox 172 1060 242 1132; x_wconf 86' lang='lat' dir='ltr'><strong>falso</strong></span> <span class='ocrx_word' id='word_1_46' title='bbox 259 1068 330 1134; x_wconf 93' lang='lat' dir='ltr'><strong>loco</strong></span> <span class='ocrx_word' id='word_1_47' title='bbox 345 1069 377 1133; x_wconf 90' lang='lat' dir='ltr'><strong>in</strong></span> <span class='ocrx_word' id='word_1_48' title='bbox 395 1092 546 1136; x_wconf 88' lang='lat' dir='ltr'><strong>versuum</strong></span> <span class='ocrx_word' id='word_1_49' title='bbox 565 1074 711 1138; x_wconf 88' lang='lat' dir='ltr'><strong>ordinem</strong></span> <span class='ocrx_word' id='word_1_50' title='bbox 726 1075 928 1159; x_wconf 85' lang='lat' dir='ltr'><strong>invaserunt3</strong></span> <span class='ocrx_word' id='word_1_51' title='bbox 953 1098 1088 1162; x_wconf 91' lang='lat' dir='ltr'><strong>quorum</strong></span> <span class='ocrx_word' id='word_1_52' title='bbox 1103 1088 1215 1141; x_wconf 80' lang='lat' dir='ltr'><strong>auctor</strong></span> <span class='ocrx_word' id='word_1_53' title='bbox 1237 1099 1292 1141; x_wconf 89' lang='lat' dir='ltr'><strong>eos</strong></span> <span class='ocrx_word' id='word_1_54' title='bbox 1317 1100 1379 1141; x_wconf 90' lang='lat' dir='ltr'><strong>non</strong></span> 
     </span>
     <span class='ocr_line' id='line_1_10' title="bbox 171 1164 637 1239; baseline 0.017 -8"><span class='ocrx_word' id='word_1_55' title='bbox 171 1164 285 1234; x_wconf 73' lang='lat' dir='ltr'><strong>addidit</strong></span> <span class='ocrx_word' id='word_1_56' title='bbox 307 1170 453 1238; x_wconf 87' lang='lat' dir='ltr'><strong>versibus</strong></span> <span class='ocrx_word' id='word_1_57' title='bbox 477 1174 549 1239; x_wconf 81' lang='lat'><strong>517.</strong></span> <span class='ocrx_word' id='word_1_58' title='bbox 573 1176 637 1239; x_wconf 82' lang='lat'><strong>520</strong></span> 
     </span>
    </p>

    <p class='ocr_par' dir='ltr' id='par_1_6' title="bbox 243 1271 1154 1367">
     <span class='ocr_line' id='line_1_11' title="bbox 243 1271 1154 1367; baseline 0.009 -30"><span class='ocrx_word' id='word_1_59' title='bbox 243 1271 332 1357; x_wconf 81' lang='lat' dir='ltr'><strong>Quid</strong></span> <span class='ocrx_word' id='word_1_60' title='bbox 353 1278 462 1343; x_wconf 78' lang='lat' dir='ltr'><strong>nunc?</strong></span> <span class='ocrx_word' id='word_1_61' title='bbox 485 1277 541 1364; x_wconf 92' lang='lat' dir='ltr'><strong>qui</strong></span> <span class='ocrx_word' id='word_1_62' title='bbox 564 1280 596 1340; x_wconf 94' lang='lat' dir='ltr'><strong>in</strong></span> <span class='ocrx_word' id='word_1_63' title='bbox 620 1279 717 1343; x_wconf 88' lang='lat' dir='ltr'><strong>tantis</strong></span> <span class='ocrx_word' id='word_1_64' title='bbox 739 1280 862 1367; x_wconf 88' lang='lat' dir='ltr'><strong>positus</strong></span> <span class='ocrx_word' id='word_1_65' title='bbox 886 1303 956 1344; x_wconf 91' lang='lat' dir='ltr'><strong>sum</strong></span> <span class='ocrx_word' id='word_1_66' title='bbox 979 1281 1154 1359; x_wconf 86' lang='lat' dir='ltr'><strong>sententiis,</strong></span> 
     </span>
    </p>

    <p class='ocr_par' dir='ltr' id='par_1_7' title="bbox 160 1375 1017 1566">
     <span class='ocr_line' id='line_1_12' title="bbox 243 1375 1017 1467; baseline 0.009 -27"><span class='ocrx_word' id='word_1_67' title='bbox 243 1375 284 1440; x_wconf 75' lang='lat' dir='ltr'><strong>lli</strong></span> <span class='ocrx_word' id='word_1_68' title='bbox 306 1377 372 1442; x_wconf 90' lang='lat' dir='ltr'><strong>seic</strong></span> <span class='ocrx_word' id='word_1_69' title='bbox 394 1378 470 1443; x_wconf 87' lang='lat' dir='ltr'><strong>data</strong></span> <span class='ocrx_word' id='word_1_70' title='bbox 493 1402 563 1446; x_wconf 90' lang='lat' dir='ltr'><strong>esse</strong></span> <span class='ocrx_word' id='word_1_71' title='bbox 587 1380 686 1446; x_wconf 89' lang='lat' dir='ltr'><strong>verba</strong></span> <span class='ocrx_word' id='word_1_72' title='bbox 708 1383 868 1467; x_wconf 85' lang='lat' dir='ltr'><strong>praesenti</strong></span> <span class='ocrx_word' id='word_1_73' title='bbox 892 1383 1017 1466; x_wconf 90' lang='lat' dir='ltr'><strong>palaml</strong></span> 
     </span>
     <span class='ocr_line' id='line_1_13' title="bbox 160 1477 881 1566; baseline 0.012 -28"><span class='ocrx_word' id='word_1_74' title='bbox 160 1478 218 1542; x_wconf 79' lang='lat' dir='ltr'><strong>sed</strong></span> <span class='ocrx_word' id='word_1_75' title='bbox 239 1477 390 1545; x_wconf 89' lang='lat' dir='ltr'><strong>substitui</strong></span> <span class='ocrx_word' id='word_1_76' title='bbox 412 1482 521 1566; x_wconf 90' lang='lat' dir='ltr'><strong>potius</strong></span> <span class='ocrx_word' id='word_1_77' title='bbox 544 1505 654 1548; x_wconf 91' lang='lat' dir='ltr'><strong>eorum</strong></span> <span class='ocrx_word' id='word_1_78' title='bbox 677 1483 747 1549; x_wconf 89' lang='lat' dir='ltr'><strong>looo</strong></span> <span class='ocrx_word' id='word_1_79' title='bbox 771 1483 881 1549; x_wconf 81' lang='lat' dir='ltr'><strong>voluit.</strong></span> 
     </span>
    </p>

    <p class='ocr_par' dir='ltr' id='par_1_8' title="bbox 201 1582 1380 1674">
     <span class='ocr_line' id='line_1_14' title="bbox 201 1582 1380 1674; baseline 0.004 -28"><span class='ocrx_word' id='word_1_80' title='bbox 201 1582 316 1646; x_wconf 77' lang='lat' dir='ltr'><strong>Bacch.</strong></span> <span class='ocrx_word' id='word_1_81' title='bbox 339 1582 403 1648; x_wconf 82' lang='lat'><strong>512</strong></span> <span class='ocrx_word' id='word_1_82' title='bbox 426 1606 497 1668; x_wconf 87' lang='lat' dir='ltr'><strong>sqq.</strong></span> <span class='ocrx_word' id='word_1_83' title='bbox 526 1587 622 1649; x_wconf 89' lang='lat' dir='ltr'><strong>trium</strong></span> <span class='ocrx_word' id='word_1_84' title='bbox 646 1609 796 1651; x_wconf 88' lang='lat' dir='ltr'><strong>versuum</strong></span> <span class='ocrx_word' id='word_1_85' title='bbox 821 1587 941 1674; x_wconf 83' lang='lat' dir='ltr'><strong>duplex</strong></span> <span class='ocrx_word' id='word_1_86' title='bbox 963 1588 995 1651; x_wconf 93' lang='lat' dir='ltr'><strong>in</strong></span> <span class='ocrx_word' id='word_1_87' title='bbox 1022 1587 1051 1651; x_wconf 94' lang='lat' dir='ltr'>P</span> <span class='ocrx_word' id='word_1_88' title='bbox 1078 1587 1232 1651; x_wconf 86' lang='lat' dir='ltr'><strong>memoria</strong></span> <span class='ocrx_word' id='word_1_89' title='bbox 1259 1587 1380 1652; x_wconf 87' lang='lat' dir='ltr'><strong>tradita</strong></span> 
     </span>
    </p>

    <p class='ocr_par' dir='ltr' id='par_1_9' title="bbox 149 1685 766 1775">
     <span class='ocr_line' id='line_1_15' title="bbox 149 1685 766 1775; baseline 0.008 -28"><span class='ocrx_word' id='word_1_90' title='bbox 149 1691 223 1762; x_wconf 60' lang='grc' dir='ltr'><strong>88η</strong></span> <span class='ocrx_word' id='word_1_91' title='bbox 246 1685 358 1763; x_wconf 87' lang='lat' dir='ltr'><strong>altera,</strong></span> <span class='ocrx_word' id='word_1_92' title='bbox 380 1686 414 1750; x_wconf 93' lang='lat' dir='ltr'><strong>in</strong></span> <span class='ocrx_word' id='word_1_93' title='bbox 430 1690 460 1751; x_wconf 86' lang='grc' dir='ltr'>Δ</span> <span class='ocrx_word' id='word_1_94' title='bbox 476 1710 604 1775; x_wconf 90' lang='lat' dir='ltr'><strong>quoque</strong></span> <span class='ocrx_word' id='word_1_95' title='bbox 626 1701 766 1765; x_wconf 88' lang='lat' dir='ltr'><strong>servata,</strong></span> 
     </span>
    </p>

    <p class='ocr_par' dir='ltr' id='par_1_10' title="bbox 245 1787 1063 1876">
     <span class='ocr_line' id='line_1_16' title="bbox 245 1787 1063 1876; baseline 0.002 -23"><span class='ocrx_word' id='word_1_96' title='bbox 245 1787 366 1854; x_wconf 92' lang='lat' dir='ltr'><strong>Verum</strong></span> <span class='ocrx_word' id='word_1_97' title='bbox 390 1812 488 1874; x_wconf 90' lang='lat' dir='ltr'><strong>quam</strong></span> <span class='ocrx_word' id='word_1_98' title='bbox 510 1791 566 1855; x_wconf 90' lang='lat' dir='ltr'><strong>illa</strong></span> <span class='ocrx_word' id='word_1_99' title='bbox 588 1812 743 1875; x_wconf 88' lang='lat' dir='ltr'><strong>nmquam</strong></span> <span class='ocrx_word' id='word_1_100' title='bbox 766 1792 805 1855; x_wconf 90' lang='lat' dir='ltr'><strong>de</strong></span> <span class='ocrx_word' id='word_1_101' title='bbox 828 1814 901 1856; x_wconf 90' lang='lat' dir='ltr'><strong>mea</strong></span> <span class='ocrx_word' id='word_1_102' title='bbox 923 1792 1063 1876; x_wconf 89' lang='lat' dir='ltr'><strong>pecunia</strong></span> 
     </span>
    </p>

    <p class='ocr_par' dir='ltr' id='par_1_11' title="bbox 242 1889 883 1980">
     <span class='ocr_line' id='line_1_17' title="bbox 242 1889 883 1980; baseline 0.005 -25"><span class='ocrx_word' id='word_1_103' title='bbox 242 1889 404 1956; x_wconf 81' lang='lat' dir='ltr'><strong>Rementa</strong></span> <span class='ocrx_word' id='word_1_104' title='bbox 425 1893 483 1957; x_wconf 85' lang='lat' dir='ltr'><strong>fiat</strong></span> <span class='ocrx_word' id='word_1_105' title='bbox 504 1894 635 1979; x_wconf 87' lang='lat' dir='ltr'><strong>plumea</strong></span> <span class='ocrx_word' id='word_1_106' title='bbox 658 1895 847 1980; x_wconf 88' lang='lat' dir='ltr'><strong>propensior</strong></span> <span class='ocrx_word' id='word_1_107' title='bbox 855 1895 883 1978; x_wconf 73' lang='grc'><strong>8)</strong></span> 
     </span>
    </p>

    <p class='ocr_par' dir='ltr' id='par_1_12' title="bbox 147 1992 958 2181">
     <span class='ocr_line' id='line_1_18' title="bbox 243 1992 958 2073; baseline 0.003 -16"><span class='ocrx_word' id='word_1_108' title='bbox 243 1992 427 2059; x_wconf 77' lang='lat' dir='ltr'><strong>Mendicum</strong></span> <span class='ocrx_word' id='word_1_109' title='bbox 449 1995 560 2059; x_wconf 90' lang='lat' dir='ltr'><strong>malim</strong></span> <span class='ocrx_word' id='word_1_110' title='bbox 582 1997 796 2062; x_wconf 77' lang='lat' dir='ltr'><strong>mendicando</strong></span> <span class='ocrx_word' id='word_1_111' title='bbox 819 1997 958 2073; x_wconf 88' lang='lat' dir='ltr'><strong>vincere,</strong></span> 
     </span>
     <span class='ocr_line' id='line_1_19' title="bbox 147 2095 901 2181; baseline 0.008 -24"><span class='ocrx_word' id='word_1_112' title='bbox 147 2095 268 2174; x_wconf 70' lang='lat' dir='ltr'><strong>altera,</strong></span> <span class='ocrx_word' id='word_1_113' title='bbox 290 2109 363 2181; x_wconf 89' lang='lat' dir='ltr'><strong>post</strong></span> <span class='ocrx_word' id='word_1_114' title='bbox 385 2122 416 2162; x_wconf 72' lang='lat' dir='ltr'><strong>v·</strong></span> <span class='ocrx_word' id='word_1_115' title='bbox 438 2097 502 2161; x_wconf 76' lang='lat'><strong>519</strong></span> <span class='ocrx_word' id='word_1_116' title='bbox 524 2099 558 2162; x_wconf 92' lang='lat' dir='ltr'><strong>in</strong></span> <span class='ocrx_word' id='word_1_117' title='bbox 579 2099 608 2163; x_wconf 93' lang='lat' dir='ltr'>P</span> <span class='ocrx_word' id='word_1_118' title='bbox 630 2111 755 2164; x_wconf 88' lang='lat' dir='ltr'><strong>tantum</strong></span> <span class='ocrx_word' id='word_1_119' title='bbox 778 2111 901 2176; x_wconf 88' lang='lat' dir='ltr'><strong>extans,</strong></span> 
     </span>
    </p>

    <p class='ocr_par' dir='ltr' id='par_1_13' title="bbox 241 2197 1122 2286">
     <span class='ocr_line' id='line_1_20' title="bbox 241 2197 1122 2286; baseline -0.002 -21"><span class='ocrx_word' id='word_1_120' title='bbox 241 2197 306 2265; x_wconf 85' lang='lat' dir='ltr'><strong>Sed</strong></span> <span class='ocrx_word' id='word_1_121' title='bbox 328 2209 446 2277; x_wconf 87' lang='lat' dir='ltr'><strong>autem,</strong></span> <span class='ocrx_word' id='word_1_122' title='bbox 469 2222 569 2283; x_wconf 91' lang='lat' dir='ltr'><strong>quam</strong></span> <span class='ocrx_word' id='word_1_123' title='bbox 592 2201 648 2264; x_wconf 89' lang='lat' dir='ltr'><strong>illa</strong></span> <span class='ocrx_word' id='word_1_124' title='bbox 670 2224 825 2285; x_wconf 87' lang='lat' dir='ltr'><strong>umquam</strong></span> <span class='ocrx_word' id='word_1_125' title='bbox 848 2203 927 2266; x_wconf 88' lang='lat' dir='ltr'><strong>meis</strong></span> <span class='ocrx_word' id='word_1_126' title='bbox 950 2199 1122 2286; x_wconf 87' lang='lat' dir='ltr'><strong>opulentiis</strong></span> 
     </span>
    </p>

    <p class='ocr_par' dir='ltr' id='par_1_14' title="bbox 244 2301 927 2391">
     <span class='ocr_line' id='line_1_21' title="bbox 244 2301 927 2391; baseline 0 -24"><span class='ocrx_word' id='word_1_127' title='bbox 244 2301 407 2367; x_wconf 86' lang='lat' dir='ltr'><strong>Ramsnta</strong></span> <span class='ocrx_word' id='word_1_128' title='bbox 428 2303 486 2367; x_wconf 85' lang='lat' dir='ltr'><strong>fiat</strong></span> <span class='ocrx_word' id='word_1_129' title='bbox 506 2304 638 2389; x_wconf 88' lang='lat' dir='ltr'><strong>gravior</strong></span> <span class='ocrx_word' id='word_1_130' title='bbox 660 2317 715 2368; x_wconf 89' lang='lat' dir='ltr'><strong>aut</strong></span> <span class='ocrx_word' id='word_1_131' title='bbox 738 2305 927 2391; x_wconf 89' lang='lat' dir='ltr'><strong>propensior</strong></span> 
     </span>
    </p>

    <p class='ocr_par' dir='ltr' id='par_1_15' title="bbox 153 2404 1442 3313">
     <span class='ocr_line' id='line_1_22' title="bbox 244 2404 911 2491; baseline 0 -21"><span class='ocrx_word' id='word_1_132' title='bbox 244 2404 328 2470; x_wconf 84' lang='lat' dir='ltr'><strong>Mori</strong></span> <span class='ocrx_word' id='word_1_133' title='bbox 350 2427 402 2470; x_wconf 90' lang='lat' dir='ltr'><strong>me</strong></span> <span class='ocrx_word' id='word_1_134' title='bbox 425 2406 769 2471; x_wconf 89' lang='lat' dir='ltr'><strong>malim-excruciatum</strong></span> <span class='ocrx_word' id='word_1_135' title='bbox 793 2407 911 2491; x_wconf 88' lang='lat' dir='ltr'><strong>inopia.</strong></span> 
     </span>
     <span class='ocr_line' id='line_1_23' title="bbox 156 2507 1378 2592; baseline -0.002 -20"><span class='ocrx_word' id='word_1_136' title='bbox 156 2528 237 2589; x_wconf 88' lang='lat' dir='ltr'><strong>quas</strong></span> <span class='ocrx_word' id='word_1_137' title='bbox 258 2518 388 2592; x_wconf 89' lang='lat' dir='ltr'><strong>praeter</strong></span> <span class='ocrx_word' id='word_1_138' title='bbox 410 2508 459 2572; x_wconf 90' lang='lat' dir='ltr'><strong>ius</strong></span> <span class='ocrx_word' id='word_1_139' title='bbox 481 2508 681 2573; x_wconf 80' lang='lat' dir='ltr'><strong>Bitscheliua</strong></span> <span class='ocrx_word' id='word_1_140' title='bbox 702 2508 893 2573; x_wconf 86' lang='lat' dir='ltr'><strong>Hermanno</strong></span> <span class='ocrx_word' id='word_1_141' title='bbox 916 2509 999 2573; x_wconf 89' lang='lat' dir='ltr'><strong>duce</strong></span> <span class='ocrx_word' id='word_1_142' title='bbox 1022 2507 1183 2586; x_wconf 88' lang='lat' dir='ltr'><strong>confudit,</strong></span> <span class='ocrx_word' id='word_1_143' title='bbox 1208 2529 1281 2571; x_wconf 91' lang='lat' dir='ltr'><strong>oum</strong></span> <span class='ocrx_word' id='word_1_144' title='bbox 1304 2527 1378 2570; x_wconf 91' lang='lat' dir='ltr'><strong>eum</strong></span> 
     </span>
     <span class='ocr_line' id='line_1_24' title="bbox 156 2609 1378 2696; baseline -0.002 -23"><span class='ocrx_word' id='word_1_145' title='bbox 156 2618 297 2687; x_wconf 89' lang='lat' dir='ltr'><strong>tantum,</strong></span> <span class='ocrx_word' id='word_1_146' title='bbox 318 2632 414 2693; x_wconf 91' lang='lat' dir='ltr'><strong>quem</strong></span> <span class='ocrx_word' id='word_1_147' title='bbox 438 2611 544 2696; x_wconf 91' lang='lat' dir='ltr'><strong>priore</strong></span> <span class='ocrx_word' id='word_1_148' title='bbox 573 2610 642 2674; x_wconf 91' lang='lat' dir='ltr'><strong>loco</strong></span> <span class='ocrx_word' id='word_1_149' title='bbox 664 2612 768 2696; x_wconf 92' lang='lat' dir='ltr'><strong>posui,</strong></span> <span class='ocrx_word' id='word_1_150' title='bbox 791 2612 937 2676; x_wconf 88' lang='lat' dir='ltr'><strong>ordinem</strong></span> <span class='ocrx_word' id='word_1_151' title='bbox 960 2632 1111 2675; x_wconf 87' lang='lat' dir='ltr'><strong>versuum</strong></span> <span class='ocrx_word' id='word_1_152' title='bbox 1135 2609 1272 2696; x_wconf 84' lang='lat' dir='ltr'><strong>exprimi</strong></span> <span class='ocrx_word' id='word_1_153' title='bbox 1295 2609 1378 2672; x_wconf 90' lang='lat' dir='ltr'><strong>ratio</strong></span> 
     </span>
     <span class='ocr_line' id='line_1_25' title="bbox 156 2712 1375 2798; baseline -0.002 -22"><span class='ocrx_word' id='word_1_154' title='bbox 156 2712 267 2776; x_wconf 89' lang='lat' dir='ltr'><strong>critica</strong></span> <span class='ocrx_word' id='word_1_155' title='bbox 290 2712 424 2781; x_wconf 87' lang='lat' dir='ltr'><strong>iuberet.</strong></span> <span class='ocrx_word' id='word_1_156' title='bbox 452 2714 533 2778; x_wconf 88' lang='lat' dir='ltr'><strong>alter</strong></span> <span class='ocrx_word' id='word_1_157' title='bbox 552 2736 628 2778; x_wconf 92' lang='lat' dir='ltr'><strong>vero</strong></span> <span class='ocrx_word' id='word_1_158' title='bbox 653 2714 771 2798; x_wconf 90' lang='lat' dir='ltr'><strong>dignus</strong></span> <span class='ocrx_word' id='word_1_159' title='bbox 795 2725 843 2777; x_wconf 89' lang='lat' dir='ltr'><strong>est</strong></span> <span class='ocrx_word' id='word_1_160' title='bbox 872 2715 912 2778; x_wconf 91' lang='lat' dir='ltr'><strong>de</strong></span> <span class='ocrx_word' id='word_1_161' title='bbox 936 2736 1000 2797; x_wconf 93' lang='lat' dir='ltr'><strong>quo</strong></span> <span class='ocrx_word' id='word_1_162' title='bbox 1024 2712 1206 2788; x_wconf 87' lang='lat' dir='ltr'><strong>accuratius</strong></span> <span class='ocrx_word' id='word_1_163' title='bbox 1230 2733 1375 2796; x_wconf 87' lang='lat' dir='ltr'><strong>agamus.</strong></span> 
     </span>
     <span class='ocr_line' id='line_1_26' title="bbox 156 2812 1377 2899; baseline 0.002 -24"><span class='ocrx_word' id='word_1_164' title='bbox 156 2814 188 2878; x_wconf 90' lang='lat' dir='ltr'><strong>in</strong></span> <span class='ocrx_word' id='word_1_165' title='bbox 206 2837 270 2899; x_wconf 94' lang='lat' dir='ltr'><strong>quo</strong></span> <span class='ocrx_word' id='word_1_166' title='bbox 287 2815 508 2881; x_wconf 86' lang='lat' dir='ltr'><strong>memorabiles</strong></span> <span class='ocrx_word' id='word_1_167' title='bbox 525 2826 601 2880; x_wconf 89' lang='lat' dir='ltr'><strong>sunt</strong></span> <span class='ocrx_word' id='word_1_168' title='bbox 625 2816 816 2880; x_wconf 89' lang='lat' dir='ltr'><strong>coniunctae</strong></span> <span class='ocrx_word' id='word_1_169' title='bbox 839 2816 976 2881; x_wconf 89' lang='lat' dir='ltr'><strong>voculae</strong></span> <span class='ocrx_word' id='word_1_170' title='bbox 998 2817 1051 2879; x_wconf 83' lang='lat' dir='ltr'><strong>sed</strong></span> <span class='ocrx_word' id='word_1_171' title='bbox 1066 2826 1166 2877; x_wconf 85' lang='lat' dir='ltr'><strong>autem</strong></span> <span class='ocrx_word' id='word_1_172' title='bbox 1188 2823 1220 2877; x_wconf 88' lang='lat' dir='ltr'><strong>et</strong></span> <span class='ocrx_word' id='word_1_173' title='bbox 1242 2812 1377 2899; x_wconf 84' lang='lat' dir='ltr'><strong>pluralis</strong></span> 
     </span>
     <span class='ocr_line' id='line_1_27' title="bbox 156 2916 1376 3007; baseline -0.001 -26"><span class='ocrx_word' id='word_1_174' title='bbox 156 2939 307 2983; x_wconf 90' lang='lat' dir='ltr'><strong>numerus</strong></span> <span class='ocrx_word' id='word_1_175' title='bbox 331 2920 507 3004; x_wconf 69' lang='lat' dir='ltr'><strong>opolemim,</strong></span> <span class='ocrx_word' id='word_1_176' title='bbox 532 2920 620 3003; x_wconf 91' lang='lat' dir='ltr'><strong>quod</strong></span> <span class='ocrx_word' id='word_1_177' title='bbox 642 2930 815 3007; x_wconf 90' lang='lat' dir='ltr'><strong>utrumque</strong></span> <span class='ocrx_word' id='word_1_178' title='bbox 838 2919 1027 2983; x_wconf 89' lang='lat' dir='ltr'><strong>Plautinum</strong></span> <span class='ocrx_word' id='word_1_179' title='bbox 1056 2927 1118 3001; x_wconf 76' lang='lat' dir='ltr'><strong>est3</strong></span> <span class='ocrx_word' id='word_1_180' title='bbox 1153 2916 1270 2981; x_wconf 89' lang='lat' dir='ltr'><strong>deinde</strong></span> <span class='ocrx_word' id='word_1_181' title='bbox 1302 2938 1376 2980; x_wconf 92' lang='lat' dir='ltr'><strong>cum</strong></span> 
     </span>
     <span class='ocr_line' id='line_1_28' title="bbox 155 3020 1442 3108; baseline 0 -25"><span class='ocrx_word' id='word_1_182' title='bbox 155 3022 296 3105; x_wconf 85' lang='lat' dir='ltr'><strong>,gravior</strong></span> <span class='ocrx_word' id='word_1_183' title='bbox 309 3020 364 3084; x_wconf 87' lang='lat' dir='ltr'><strong>fiat</strong></span> <span class='ocrx_word' id='word_1_184' title='bbox 386 3032 441 3084; x_wconf 90' lang='lat' dir='ltr'><strong>aut</strong></span> <span class='ocrx_word' id='word_1_185' title='bbox 463 3023 662 3108; x_wconf 87' lang='lat' dir='ltr'><strong>propensior‘</strong></span> <span class='ocrx_word' id='word_1_186' title='bbox 676 3023 908 3108; x_wconf 84' lang='lat' dir='ltr'><strong>excogitaverit</strong></span> <span class='ocrx_word' id='word_1_187' title='bbox 930 3044 1083 3086; x_wconf 87' lang='lat' dir='ltr'><strong>versuum</strong></span> <span class='ocrx_word' id='word_1_188' title='bbox 1105 3037 1226 3097; x_wconf 88' lang='lat' dir='ltr'><strong>auctor,</strong></span> <span class='ocrx_word' id='word_1_189' title='bbox 1250 3020 1375 3084; x_wconf 90' lang='lat' dir='ltr'><strong>mireris</strong></span> <span class='ocrx_word' id='word_1_190' title='bbox 1439 3043 1442 3049; x_wconf 91' lang='lat'><em>·</em></span> 
     </span>
     <span class='ocr_line' id='line_1_29' title="bbox 154 3123 1375 3212; baseline -0.002 -25"><span class='ocrx_word' id='word_1_191' title='bbox 154 3145 229 3187; x_wconf 92' lang='lat' dir='ltr'><strong>eum</strong></span> <span class='ocrx_word' id='word_1_192' title='bbox 246 3123 279 3186; x_wconf 95' lang='lat' dir='ltr'><strong>in</strong></span> <span class='ocrx_word' id='word_1_193' title='bbox 296 3124 385 3187; x_wconf 88' lang='lat' dir='ltr'><strong>vocis</strong></span> <span class='ocrx_word' id='word_1_194' title='bbox 399 3128 500 3210; x_wconf 65' lang='lat' dir='ltr'><strong>prona</strong></span> <span class='ocrx_word' id='word_1_195' title='bbox 516 3148 610 3189; x_wconf 87' lang='lat' dir='ltr'><strong>usum</strong></span> <span class='ocrx_word' id='word_1_196' title='bbox 623 3147 754 3209; x_wconf 87' lang='lat' dir='ltr'><strong>prorsus</strong></span> <span class='ocrx_word' id='word_1_197' title='bbox 771 3125 969 3212; x_wconf 85' lang='lat' dir='ltr'><strong>singularem</strong></span> <span class='ocrx_word' id='word_1_198' title='bbox 986 3124 1148 3201; x_wconf 86' lang='lat' dir='ltr'><strong>incidisse,</strong></span> <span class='ocrx_word' id='word_1_199' title='bbox 1167 3125 1258 3188; x_wconf 88' lang='lat' dir='ltr'><strong>cuius</strong></span> <span class='ocrx_word' id='word_1_200' title='bbox 1274 3145 1375 3187; x_wconf 90' lang='lat' dir='ltr'><strong>unum</strong></span> 
     </span>
     <span class='ocr_line' id='line_1_30' title="bbox 153 3226 1332 3313; baseline 0.001 -25"><span class='ocrx_word' id='word_1_201' title='bbox 153 3235 279 3289; x_wconf 89' lang='lat' dir='ltr'><strong>tantum</strong></span> <span class='ocrx_word' id='word_1_202' title='bbox 306 3226 393 3310; x_wconf 92' lang='lat' dir='ltr'><strong>quod</strong></span> <span class='ocrx_word' id='word_1_203' title='bbox 416 3227 516 3292; x_wconf 91' lang='lat' dir='ltr'><strong>sciam</strong></span> <span class='ocrx_word' id='word_1_204' title='bbox 545 3229 730 3312; x_wconf 89' lang='lat' dir='ltr'><strong>exemplum</strong></span> <span class='ocrx_word' id='word_1_205' title='bbox 760 3229 847 3313; x_wconf 89' lang='lat' dir='ltr'><strong>apud</strong></span> <span class='ocrx_word' id='word_1_206' title='bbox 869 3228 1024 3292; x_wconf 88' lang='lat' dir='ltr'><strong>Plautum</strong></span> <span class='ocrx_word' id='word_1_207' title='bbox 1047 3237 1136 3291; x_wconf 85' lang='lat' dir='ltr'><strong>extat</strong></span> <span class='ocrx_word' id='word_1_208' title='bbox 1163 3228 1248 3290; x_wconf 84' lang='lat' dir='ltr'><strong>Trac.</strong></span> <span class='ocrx_word' id='word_1_209' title='bbox 1273 3226 1332 3290; x_wconf 85' lang='lat'><strong>96:</strong></span> 
     </span>
    </p>

    <p class='ocr_par' dir='ltr' id='par_1_16' title="bbox 149 3325 1376 3722">
     <span class='ocr_line' id='line_1_31' title="bbox 238 3325 1158 3414; baseline 0 -24"><span class='ocrx_word' id='word_1_210' title='bbox 238 3325 291 3390; x_wconf 89' lang='lat' dir='ltr'><strong>Ne</strong></span> <span class='ocrx_word' id='word_1_211' title='bbox 314 3327 369 3409; x_wconf 92' lang='lat' dir='ltr'><strong>qui</strong></span> <span class='ocrx_word' id='word_1_212' title='bbox 392 3327 549 3392; x_wconf 90' lang='lat' dir='ltr'><strong>adventor</strong></span> <span class='ocrx_word' id='word_1_213' title='bbox 570 3328 702 3414; x_wconf 87' lang='lat' dir='ltr'><strong>gravior</strong></span> <span class='ocrx_word' id='word_1_214' title='bbox 724 3329 853 3392; x_wconf 87' lang='lat' dir='ltr'><strong>abaetat</strong></span> <span class='ocrx_word' id='word_1_215' title='bbox 876 3351 974 3412; x_wconf 92' lang='lat' dir='ltr'><strong>quam</strong></span> <span class='ocrx_word' id='word_1_216' title='bbox 997 3328 1158 3392; x_wconf 89' lang='lat' dir='ltr'><strong>adveniat.</strong></span> 
     </span>
     <span class='ocr_line' id='line_1_32' title="bbox 152 3428 1376 3514; baseline 0.002 -22"><span class='ocrx_word' id='word_1_217' title='bbox 152 3429 184 3492; x_wconf 92' lang='lat' dir='ltr'><strong>in</strong></span> <span class='ocrx_word' id='word_1_218' title='bbox 215 3429 309 3493; x_wconf 91' lang='lat' dir='ltr'><strong>tertio</strong></span> <span class='ocrx_word' id='word_1_219' title='bbox 339 3430 477 3514; x_wconf 90' lang='lat' dir='ltr'><strong>denique</strong></span> <span class='ocrx_word' id='word_1_220' title='bbox 507 3454 600 3494; x_wconf 89' lang='lat' dir='ltr'><strong>versu</strong></span> <span class='ocrx_word' id='word_1_221' title='bbox 629 3431 752 3494; x_wconf 90' lang='lat' dir='ltr'><strong>hiatum</strong></span> <span class='ocrx_word' id='word_1_222' title='bbox 780 3432 814 3494; x_wconf 91' lang='lat' dir='ltr'><strong>in</strong></span> <span class='ocrx_word' id='word_1_223' title='bbox 844 3454 977 3496; x_wconf 86' lang='lat' dir='ltr'><strong>caesura</strong></span> <span class='ocrx_word' id='word_1_224' title='bbox 1005 3431 1122 3494; x_wconf 90' lang='lat' dir='ltr'><strong>senarii</strong></span> <span class='ocrx_word' id='word_1_225' title='bbox 1146 3428 1376 3512; x_wconf 85' lang='lat' dir='ltr'><strong>semiquinaria</strong></span> 
     </span>
     <span class='ocr_line' id='line_1_33' title="bbox 149 3532 1371 3617; baseline -0.001 -20"><span class='ocrx_word' id='word_1_226' title='bbox 149 3533 192 3597; x_wconf 86' lang='lat' dir='ltr'><strong>ab</strong></span> <span class='ocrx_word' id='word_1_227' title='bbox 210 3532 324 3597; x_wconf 90' lang='lat' dir='ltr'><strong>eodem</strong></span> <span class='ocrx_word' id='word_1_228' title='bbox 340 3534 474 3597; x_wconf 86' lang='lat' dir='ltr'><strong>vitatam</strong></span> <span class='ocrx_word' id='word_1_229' title='bbox 496 3557 559 3598; x_wconf 92' lang='lat' dir='ltr'><strong>uon</strong></span> <span class='ocrx_word' id='word_1_230' title='bbox 582 3556 652 3598; x_wconf 89' lang='lat' dir='ltr'><strong>esse</strong></span> <span class='ocrx_word' id='word_1_231' title='bbox 670 3534 769 3597; x_wconf 83' lang='lat' dir='ltr'><strong>vides.</strong></span> <span class='ocrx_word' id='word_1_232' title='bbox 782 3535 808 3615; x_wconf 74' lang='grc'><strong>4)</strong></span> <span class='ocrx_word' id='word_1_233' title='bbox 832 3556 929 3617; x_wconf 88' lang='lat' dir='ltr'><strong>quem</strong></span> <span class='ocrx_word' id='word_1_234' title='bbox 954 3555 1159 3598; x_wconf 89' lang='lat' dir='ltr'><strong>numerorum</strong></span> <span class='ocrx_word' id='word_1_235' title='bbox 1181 3554 1244 3596; x_wconf 93' lang='lat' dir='ltr'><strong>non</strong></span> <span class='ocrx_word' id='word_1_236' title='bbox 1268 3553 1371 3616; x_wconf 87' lang='lat' dir='ltr'><strong>aeque</strong></span> 
     </span>
     <span class='ocr_line' id='line_1_34' title="bbox 152 3634 1375 3722; baseline -0.001 -24"><span class='ocrx_word' id='word_1_237' title='bbox 152 3657 191 3698; x_wconf 91' lang='lat' dir='ltr'><strong>ac</strong></span> <span class='ocrx_word' id='word_1_238' title='bbox 218 3634 350 3720; x_wconf 87' lang='lat' dir='ltr'><strong>linguae</strong></span> <span class='ocrx_word' id='word_1_239' title='bbox 381 3638 523 3700; x_wconf 86' lang='lat' dir='ltr'><strong>comicae</strong></span> <span class='ocrx_word' id='word_1_240' title='bbox 552 3636 688 3722; x_wconf 89' lang='lat' dir='ltr'><strong>peritum</strong></span> <span class='ocrx_word' id='word_1_241' title='bbox 715 3636 814 3700; x_wconf 84' lang='lat' dir='ltr'><strong>fuisso</strong></span> <span class='ocrx_word' id='word_1_242' title='bbox 840 3637 937 3698; x_wconf 90' lang='lat' dir='ltr'><strong>etiam</strong></span> <span class='ocrx_word' id='word_1_243' title='bbox 965 3658 1076 3700; x_wconf 85' lang='lat' dir='ltr'><strong>versus</strong></span> <span class='ocrx_word' id='word_1_244' title='bbox 1104 3635 1199 3720; x_wconf 90' lang='lat' dir='ltr'><strong>primi</strong></span> <span class='ocrx_word' id='word_1_245' title='bbox 1233 3645 1375 3699; x_wconf 91' lang='lat' dir='ltr'><strong>metrum</strong></span> 
     </span>
    </p>
   </div>
   <div class='ocr_carea' id='block_1_5' title="bbox 236 3907 1374 4179">
    <p class='ocr_par' dir='ltr' id='par_1_17' title="bbox 236 3907 1374 4179">
     <span class='ocr_line' id='line_1_35' title="bbox 240 3907 553 3978; baseline -0.003 -16"><span class='ocrx_word' id='word_1_246' title='bbox 240 3908 261 3976; x_wconf 88' lang='lat'><strong>¹)</strong></span> <span class='ocrx_word' id='word_1_247' title='bbox 278 3925 339 3978; x_wconf 84' lang='lat' dir='ltr'><strong>,ego</strong></span> <span class='ocrx_word' id='word_1_248' title='bbox 357 3908 455 3963; x_wconf 90' lang='lat' dir='ltr'><strong>sinam‘</strong></span> <span class='ocrx_word' id='word_1_249' title='bbox 473 3907 553 3963; x_wconf 90' lang='lat' dir='ltr'><strong>codd.</strong></span> 
     </span>
     <span class='ocr_line' id='line_1_36' title="bbox 238 4007 1126 4078; baseline 0.001 -16"><span class='ocrx_word' id='word_1_250' title='bbox 238 4010 262 4076; x_wconf 85' lang='lat'><strong>¹)</strong></span> <span class='ocrx_word' id='word_1_251' title='bbox 281 4008 337 4078; x_wconf 76' lang='lat' dir='ltr'><strong>Qui</strong></span> <span class='ocrx_word' id='word_1_252' title='bbox 355 4027 450 4064; x_wconf 85' lang='lat' dir='ltr'><strong>versus</strong></span> <span class='ocrx_word' id='word_1_253' title='bbox 469 4007 608 4078; x_wconf 90' lang='lat' dir='ltr'><strong>quomodo</strong></span> <span class='ocrx_word' id='word_1_254' title='bbox 626 4008 764 4062; x_wconf 88' lang='lat' dir='ltr'><strong>sanandus</strong></span> <span class='ocrx_word' id='word_1_255' title='bbox 783 4008 820 4063; x_wconf 88' lang='lat' dir='ltr'><strong>sit</strong></span> <span class='ocrx_word' id='word_1_256' title='bbox 837 4009 1057 4063; x_wconf 86' lang='lat' dir='ltr'><strong>incertissimum</strong></span> <span class='ocrx_word' id='word_1_257' title='bbox 1075 4012 1126 4063; x_wconf 88' lang='lat' dir='ltr'><strong>est.</strong></span> 
     </span>
     <span class='ocr_line' id='line_1_37' title="bbox 236 4110 1374 4179; baseline 0.002 -15"><span class='ocrx_word' id='word_1_258' title='bbox 236 4111 260 4179; x_wconf 84' lang='lat'><strong>⁸)</strong></span> <span class='ocrx_word' id='word_1_259' title='bbox 278 4110 319 4164; x_wconf 84' lang='lat' dir='ltr'><strong>cf.</strong></span> <span class='ocrx_word' id='word_1_260' title='bbox 338 4111 408 4164; x_wconf 83' lang='lat' dir='ltr'><strong>Rad.</strong></span> <span class='ocrx_word' id='word_1_261' title='bbox 421 4112 500 4166; x_wconf 82' lang='lat'>1016:</span> <span class='ocrx_word' id='word_1_262' title='bbox 520 4110 685 4178; x_wconf 83' lang='lat' dir='ltr'><strong>,Numquam</strong></span> <span class='ocrx_word' id='word_1_263' title='bbox 697 4111 791 4169; x_wconf 86' lang='lat' dir='ltr'><strong>hercle</strong></span> <span class='ocrx_word' id='word_1_264' title='bbox 802 4112 868 4164; x_wconf 91' lang='lat' dir='ltr'><strong>hinc</strong></span> <span class='ocrx_word' id='word_1_265' title='bbox 880 4110 963 4164; x_wconf 87' lang='lat' dir='ltr'><strong>hodie</strong></span> <span class='ocrx_word' id='word_1_266' title='bbox 977 4114 1103 4165; x_wconf 87' lang='lat' dir='ltr'><strong>ramenta</strong></span> <span class='ocrx_word' id='word_1_267' title='bbox 1121 4111 1170 4165; x_wconf 86' lang='lat' dir='ltr'><strong>fies</strong></span> <span class='ocrx_word' id='word_1_268' title='bbox 1188 4112 1374 4166; x_wconf 67' lang='lat' dir='ltr'><strong>fortunatior!</strong></span> 
     </span>
    </p>
   </div>
   <div class='ocr_carea' id='block_1_6' title="bbox 125 4211 1389 4536">
    <p class='ocr_par' dir='ltr' id='par_1_18' title="bbox 237 4211 1374 4281">
     <span class='ocr_line' id='line_1_38' title="bbox 237 4211 1374 4281; baseline -0.001 -14"><span class='ocrx_word' id='word_1_269' title='bbox 237 4213 260 4281; x_wconf 85' lang='lat'><strong>⁴)</strong></span> <span class='ocrx_word' id='word_1_270' title='bbox 277 4211 357 4267; x_wconf 91' lang='lat' dir='ltr'><strong>Idem</strong></span> <span class='ocrx_word' id='word_1_271' title='bbox 374 4213 460 4267; x_wconf 89' lang='lat' dir='ltr'><strong>habes</strong></span> <span class='ocrx_word' id='word_1_272' title='bbox 484 4214 514 4266; x_wconf 90' lang='lat' dir='ltr'><strong>in</strong></span> <span class='ocrx_word' id='word_1_273' title='bbox 531 4231 555 4266; x_wconf 87' lang='lat' dir='ltr'><strong>v.</strong></span> <span class='ocrx_word' id='word_1_274' title='bbox 575 4213 611 4266; x_wconf 86' lang='lat' dir='ltr'><strong>ad</strong></span> <span class='ocrx_word' id='word_1_275' title='bbox 628 4213 709 4265; x_wconf 74' lang='lat' dir='ltr'><strong>stica.</strong></span> <span class='ocrx_word' id='word_1_276' title='bbox 728 4214 777 4266; x_wconf 80' lang='lat'><strong>207</strong></span> <span class='ocrx_word' id='word_1_277' title='bbox 795 4213 905 4267; x_wconf 87' lang='lat' dir='ltr'><strong>adiecto</strong></span> <span class='ocrx_word' id='word_1_278' title='bbox 929 4212 1001 4281; x_wconf 85' lang='lat' dir='ltr'><strong>,Ipse</strong></span> <span class='ocrx_word' id='word_1_279' title='bbox 1020 4214 1131 4281; x_wconf 87' lang='lat' dir='ltr'><strong>egomet</strong></span> <span class='ocrx_word' id='word_1_280' title='bbox 1148 4230 1231 4280; x_wconf 86' lang='lat' dir='ltr'><strong>quam</strong></span> <span class='ocrx_word' id='word_1_281' title='bbox 1249 4213 1285 4267; x_wconf 95' lang='lat' dir='ltr'><strong>ob</strong></span> <span class='ocrx_word' id='word_1_282' title='bbox 1302 4230 1374 4266; x_wconf 87' lang='lat' dir='ltr'><strong>rem·</strong></span> 
     </span>
    </p>

    <p class='ocr_par' dir='ltr' id='par_1_19' title="bbox 146 4296 1389 4367">
     <span class='ocr_line' id='line_1_39' title="bbox 146 4296 1389 4367; baseline -0.002 -14"><span class='ocrx_word' id='word_1_283' title='bbox 146 4296 312 4353; x_wconf 86' lang='lat' dir='ltr'><strong>auctionem</strong></span> <span class='ocrx_word' id='word_1_284' title='bbox 337 4297 513 4367; x_wconf 86' lang='lat' dir='ltr'><strong>praedicem‘,</strong></span> <span class='ocrx_word' id='word_1_285' title='bbox 536 4298 585 4351; x_wconf 90' lang='lat' dir='ltr'><strong>ubi</strong></span> <span class='ocrx_word' id='word_1_286' title='bbox 603 4298 722 4350; x_wconf 88' lang='lat' dir='ltr'><strong>alterum</strong></span> <span class='ocrx_word' id='word_1_287' title='bbox 740 4315 851 4352; x_wconf 89' lang='lat' dir='ltr'><strong>versum</strong></span> <span class='ocrx_word' id='word_1_288' title='bbox 874 4298 1042 4352; x_wconf 86' lang='lat' dir='ltr'><strong>sententiam</strong></span> <span class='ocrx_word' id='word_1_289' title='bbox 1060 4298 1193 4350; x_wconf 89' lang='lat' dir='ltr'><strong>videlicet</strong></span> <span class='ocrx_word' id='word_1_290' title='bbox 1210 4297 1389 4366; x_wconf 86' lang='lat' dir='ltr'><strong>primariam·</strong></span> 
     </span>
    </p>

    <p class='ocr_par' dir='ltr' id='par_1_20' title="bbox 125 4379 1372 4536">
     <span class='ocr_line' id='line_1_40' title="bbox 146 4379 1372 4449; baseline 0 -16"><span class='ocrx_word' id='word_1_291' title='bbox 146 4379 343 4434; x_wconf 81' lang='lat' dir='ltr'><strong>continentem</strong></span> <span class='ocrx_word' id='word_1_292' title='bbox 361 4397 426 4434; x_wconf 88' lang='lat' dir='ltr'><strong>casu</strong></span> <span class='ocrx_word' id='word_1_293' title='bbox 444 4381 561 4449; x_wconf 88' lang='lat' dir='ltr'><strong>periisse</strong></span> <span class='ocrx_word' id='word_1_294' title='bbox 578 4380 711 4449; x_wconf 89' lang='lat' dir='ltr'><strong>suspicor.</strong></span> <span class='ocrx_word' id='word_1_295' title='bbox 739 4382 814 4449; x_wconf 90' lang='lat' dir='ltr'><strong>quod</strong></span> <span class='ocrx_word' id='word_1_296' title='bbox 831 4383 855 4435; x_wconf 90' lang='lat' dir='ltr'><strong>si</strong></span> <span class='ocrx_word' id='word_1_297' title='bbox 873 4400 970 4436; x_wconf 84' lang='lat' dir='ltr'><strong>verum</strong></span> <span class='ocrx_word' id='word_1_298' title='bbox 988 4385 1039 4446; x_wconf 86' lang='lat' dir='ltr'><strong>est,</strong></span> <span class='ocrx_word' id='word_1_299' title='bbox 1057 4382 1104 4434; x_wconf 90' lang='lat' dir='ltr'><strong>hic</strong></span> <span class='ocrx_word' id='word_1_300' title='bbox 1121 4398 1231 4449; x_wconf 85' lang='lat' dir='ltr'><strong>quoquo</strong></span> <span class='ocrx_word' id='word_1_301' title='bbox 1248 4381 1372 4435; x_wconf 89' lang='lat' dir='ltr'><strong>eiusdem</strong></span> 
     </span>
     <span class='ocr_line' id='line_1_41' title="bbox 125 4465 1171 4536; baseline -0.002 -15"><span class='ocrx_word' id='word_1_302' title='bbox 125 4518 129 4531; x_wconf 39' lang='lat'>2</span> <span class='ocrx_word' id='word_1_303' title='bbox 147 4465 308 4522; x_wconf 81' lang='lat' dir='ltr'><strong>sententiae</strong></span> <span class='ocrx_word' id='word_1_304' title='bbox 327 4465 468 4536; x_wconf 84' lang='lat' dir='ltr'><strong>duplicem</strong></span> <span class='ocrx_word' id='word_1_305' title='bbox 487 4465 605 4520; x_wconf 87' lang='lat' dir='ltr'><strong>sormam</strong></span> <span class='ocrx_word' id='word_1_306' title='bbox 623 4484 658 4520; x_wconf 86' lang='lat' dir='ltr'><strong>ex</strong></span> <span class='ocrx_word' id='word_1_307' title='bbox 676 4466 844 4533; x_wconf 85' lang='lat' dir='ltr'><strong>antiquitate</strong></span> <span class='ocrx_word' id='word_1_308' title='bbox 861 4468 1010 4536; x_wconf 83' lang='lat' dir='ltr'><strong>repetitam</strong></span> <span class='ocrx_word' id='word_1_309' title='bbox 1029 4467 1171 4520; x_wconf 87' lang='lat' dir='ltr'><strong>habemus.</strong></span> 
     </span>
    </p>
   </div>
   <div class='ocr_carea' id='block_1_7' title="bbox 1170 4569 1204 4625">
    <p class='ocr_par' dir='ltr' id='par_1_21' title="bbox 1170 4569 1204 4625">
     <span class='ocr_line' id='line_1_42' title="bbox 1170 4569 1204 4625; baseline 0 -25"><span class='ocrx_word' id='word_1_310' title='bbox 1170 4569 1204 4625; x_wconf 75' lang='grc'><strong>9*</strong></span> 
     </span>
    </p>
   </div>
   <div class='ocr_carea' id='block_1_8' title="bbox 0 0 1524 5220">
    <p class='ocr_par' dir='ltr' id='par_1_22' title="bbox 0 0 1524 5220">
     <span class='ocr_line' id='line_1_43' title="bbox 0 0 1524 5220; baseline 0 6"><span class='ocrx_word' id='word_1_311' title='bbox 0 0 1524 5220; x_wconf 95' lang='lat' dir='ltr'><strong> </strong></span> 
     </span>
    </p>
   </div>
  </div>
 </body>
</html>
