3038 5220
737 220 777 284 78

144 449 251 513 aqua
280 426 418 490 lectione
450 448 509 491 cur
538 424 729 512 Spengelius
758 424 1027 511 (Rejbrmrersclrl.
1059 446 1095 509 p.
1129 424 1215 493 246.
1242 424 1324 513 389)
1344 448 1377 493 re·

145 526 276 591 cesserit
298 550 427 592 versum
450 527 584 592 alterum
607 527 792 591 coniectura
813 527 860 591 sic
882 537 1061 613 temptans:

186 628 277 695 Bene
300 629 394 693 dictis
416 629 479 693 tuis
503 629 535 693 in
558 627 733 692 benefactis
756 630 850 691 aureis
874 650 962 691 rrreac
985 627 1159 693 auxilium
1185 628 1374 717 eprseunt,

145 731 311 795 Abraham
336 731 356 800 l.
378 753 405 800 c.
427 754 459 818 p.
484 732 545 795 195
568 752 602 795 se
624 731 809 816 intellegere
832 742 944 817 negat3
967 729 1025 795 scd
1047 728 1201 797 offendit
1228 732 1377 811 illum,ri

144 833 253 910 tallor,
281 833 368 916 quod
391 832 569 896 sententiae
598 830 748 896 ultimum
771 830 903 897 verbum
934 834 1013 895 tuas
1037 830 1137 897 initio
1167 832 1259 897 nori
1284 856 1376 899 versu

144 935 284 1021 positum
312 934 354 999 ab
375 932 640 998 antecedentibus
675 934 875 998 incommode
905 945 1090 1021 separatur,
1130 934 1168 999 id
1197 936 1297 1023 quod
1318 958 1376 1001 saue

143 1036 403 1123 probabilitatem
433 1035 650 1119 discriptionis
680 1059 699 1099 a
728 1037 950 1103 Studcmundo
983 1036 1162 1121 institutae
1202 1040 1376 1124 paullulum

143 1139 312 1205 imminuit.
356 1137 414 1203 sed
437 1149 546 1201 utrum
575 1139 644 1201 eius
667 1138 837 1203 lectionem
859 1140 993 1223 probes,
1023 1160 1065 1201 an
1090 1160 1175 1205 cum
1201 1140 1377 1207 Ritschelie

144 1241 380 1327 Spengelioque
411 1262 524 1304 versus
544 1239 660 1325 prioris
683 1240 780 1304 finem
801 1238 980 1303 constituae
1009 1240 1140 1321 ,taciem
1175 1245 1254 1309 mei
1285 1244 1377 1309 menti

144 1343 239 1420 neris,
263 1342 340 1406 dum
370 1340 470 1405 vitam
493 1342 594 1405 vivas‘
623 1341 795 1425 versuique
825 1341 1005 1425 insequenti
1036 1341 1100 1405 alio
1132 1348 1268 1431 quovis
1299 1346 1377 1411 mode

147 1445 306 1521 consulas,
330 1443 372 1506 ad
396 1456 537 1507 nostram
560 1465 628 1507 rom
650 1444 783 1507 minoris
807 1456 855 1507 ost
878 1444 1039 1509 momenti.
1074 1458 1109 1507 at
1132 1444 1169 1509 in
1197 1446 1234 1511 P
1259 1470 1323 1535 pro
1343 1472 1378 1515 ee

139 1558 266 1634 poscunt
289 1556 457 1612 exaratum
481 1556 529 1608 est
551 1547 748 1631 expostulent,
772 1546 868 1633 quod,
892 1568 965 1610 cum
988 1545 1110 1632 ubique
1135 1548 1377 1635 significatione

144 1647 362 1734 conquerendi
391 1647 597 1725 adhibeatur,
631 1648 800 1713 Abraham
830 1650 849 1716 l.
873 1673 899 1713 c.
925 1672 955 1735 p.
981 1648 1041 1715 194
1064 1672 1112 1736 sq.
1147 1650 1196 1715 ab
1232 1652 1378 1719 hocloco

144 1753 284 1816 alionum
301 1773 370 1815 esse
387 1751 627 1827 demonstravit,
650 1750 681 1815 N
685 1751 864 1835 iemcyerus
880 1774 911 1836 p.
928 1751 970 1815 20
991 1752 1130 1817 fortasse
1148 1774 1167 1817 e
1186 1756 1378 1821 recensione

144 1854 277 1919 metrica
315 1866 426 1917 natum
463 1874 533 1917 esse
570 1852 671 1930 dixit,
710 1852 915 1938 comprobato
950 1854 1098 1918 nimirum
1134 1877 1156 1919 a
1194 1872 1378 1925 correctore

144 1957 326 2061 septenario
350 1958 523 2033 trochaico,
547 1978 642 2043 quem
666 1956 863 2022 Ritsclrelius
887 1958 1004 2022 edidit:

188 2060 273 2124 Be'ne
295 2058 390 2124 dictis
413 2061 475 2122 tuis
492 2058 574 2122 bens
596 2060 682 2122 facta
706 2061 799 2124 aures
823 2083 913 2123 meae
931 2059 1087 2123 auxilium
1103 2060 1346 2147 expdstulant.

145 2162 200 2246 qui
222 2162 249 2225 si
272 2161 305 2224 in
327 2160 492 2225 codicibus
516 2184 643 2246 quoque
667 2163 830 2248 integrum
854 2186 982 2227 versum
1005 2162 1170 2248 expleret,
1204 2165 1252 2230 de
1278 2188 1377 2233 recen·

145 2264 232 2328 sione
256 2264 387 2328 metrica
416 2286 481 2327 non
504 2262 700 2345 dubitarem3
736 2265 792 2330 sed
815 2266 890 2350 quia
913 2267 946 2329 in
968 2264 998 2329 B
1021 2266 1185 2329 benedictis
1219 2270 1377 2355 superiori

145 2367 251 2431 versui
267 2367 455 2430 adiunctum
486 2378 533 2429 est
559 2383 590 2431 et
612 2390 632 2431 a
654 2372 713 2430 teu
740 2391 842 2433 novus
860 2391 971 2432 versus
988 2366 1149 2453 incipit1),
1174 2371 1377 2457 omninoque

145 2473 285 2557 genuina
315 2492 467 2533 versuum
497 2468 662 2555 discriptio
690 2493 747 2555 per
771 2472 920 2536 undecim
952 2492 1062 2533 versus
1090 2491 1201 2554 paene
1237 2477 1378 2551 evanuit,

144 2582 356 2638 correctorem
387 2593 421 2636 re
450 2594 526 2635 vera
549 2574 764 2659 septenarium
795 2573 993 2639 trochaicum
1023 2572 1178 2637 ficturum
1209 2579 1322 2644 fuisse
1347 2600 1377 2643 ec

144 2676 249 2740 miuus
273 2683 360 2738 certo
383 2672 576 2739 contendere
603 2696 789 2762 possumus,
827 2675 912 2758 quod
944 2675 1167 2739 diversitatem
1192 2680 1377 2767 scripturae

144 2779 240 2842 etiam
264 2799 305 2840 ex
327 2776 452 2840 scribae
474 2798 580 2840 errore
603 2779 715 2862 repeti.
735 2800 828 2863 posse
857 2779 1097 2842 concedendum
1125 2788 1198 2863 est3
1240 2783 1278 2847 in
1304 2806 1377 2849 com·

144 2882 343 2969 parationem
377 2882 486 2943 vocari
520 2893 654 2966 possunt
682 2882 793 2944 Pseud.
816 2880 895 2945 389:
935 2880 1071 2955 ,adduce
1104 2879 1287 2950 hominem
1322 2887 1376 2950 hut

145 2985 238 3049 cito‘
261 2986 301 3061 A,
334 2982 503 3065 ,celeriter‘
520 2981 558 3060 P,
593 2984 647 3048 ubi
681 2983 722 3047 de
757 2983 941 3047 recensione
975 2983 1105 3047 minime
1140 2986 1376 3071 cogitandum3

144 3090 242 3174 Epic.
264 3087 326 3153 487
350 3086 543 3164 ,destinavit‘
566 3087 610 3163 A,
633 3087 731 3167 ,emit‘
752 3086 782 3149 B
805 3086 873 3149 sine
895 3097 1004 3150 metro.

231 3190 325 3254 Seue.
349 3191 412 3255 373

188 3295 233 3357 A:
258 3291 357 3360 Venit
378 3291 520 3373 inquam.
536 3290 550 3379 ΙΙ
565 3291 647 3354 tutin
670 3291 759 3375 ipsus
782 3292 889 3374 ipsum
913 3288 1043 3355 vidisti?
1059 3289 1073 3376 ΙΙ
1088 3289 1218 3355 lubens.

187 3398 231 3460 P:
256 3395 355 3461 Venit
377 3396 517 3479 inquam.
534 3395 547 3483 ΙΙ
563 3405 620 3458 tun
643 3418 716 3459 eum
738 3395 843 3482 ipsum
867 3395 998 3459 vidisti?
1013 3394 1025 3482 ΙΙ
1041 3394 1087 3458 ita
1109 3417 1173 3480 ego
1196 3398 1335 3467 lubens.

147 3499 268 3568 Versus
301 3500 335 3563 in
361 3498 390 3561 P
418 3499 572 3563 audacter
606 3507 796 3562 retractatus
830 3509 885 3563 est.
930 3511 1072 3561 attamen
1106 3520 1183 3563 oum
1219 3514 1284 3569 tun
1317 3528 1377 3570 eum

146 3602 349 3668 coniecturae
377 3624 508 3687 prorsus
532 3600 660 3686 vulgari
683 3599 853 3677 debeatur,
887 3603 932 3663 ito
954 3624 1006 3686 epo
1029 3602 1130 3664 lebeus
1159 3603 1284 3671 stilum
1308 3628 1377 3671 rere

145 3704 334 3770 Plautinum
357 3706 401 3768 ita
424 3705 519 3791 sapit,
543 3714 579 3768 ut
601 3704 658 3768 vix
672 3703 752 3766 mihi
770 3702 964 3788 persuadere
979 3704 1148 3788 potuerim,
1173 3727 1216 3771 ex
1245 3708 1377 3797 ingenio

146 3808 334 3874 correctoris
366 3808 462 3872 talem
498 3807 715 3872 coniecturam
748 3805 890 3869 fluxisse.
949 3807 1005 3870 sed
1041 3807 1197 3894 quoniam
1229 3832 1252 3875 a
1291 3813 1376 3879 nulla

145 3922 239 3996 parte
272 3910 506 3977 Ambrosianus
540 3909 750 3975 offensionem
783 3908 932 3994 praebet,
966 3921 1016 3974 sat
1054 3910 1190 3993 antiquo
1225 3922 1377 4003 tempore

146 4014 354 4079 mutationem
377 4012 506 4099 egregie
528 4012 694 4077 inventam
716 4011 837 4076 factam
865 4033 934 4075 esse
957 4013 1127 4077 credamus
1155 4035 1302 4085 necesse
1325 4028 1377 4084 est.

148 4117 277 4183 videtur
299 4128 409 4182 autem
431 4127 504 4202 post
526 4115 748 4181 recensionem
775 4114 896 4178 factam
924 4115 1120 4200 archetypus
1141 4115 1377 4187 Palatinorum

149 4408 164 4415 ..
234 4358 255 4426 ¹)
275 4355 355 4410 Unde
365 4353 456 4423 pessis
469 4354 553 4409 etiam
565 4353 701 4418 conicere,
719 4353 871 4407 correctori
882 4353 984 4406 inscito
997 4370 1062 4407 sane
1074 4353 1217 4421 placuisse
1230 4362 1376 4415 senarium

380 4437 448 4493 Tuis
464 4439 611 4493 benefacta
629 4440 709 4492 aures
726 4455 803 4491 meae
821 4439 956 4492 auxilium
975 4438 1162 4509 eprstulant.
