3038 5220
662 266 864 369 —ml-

150 481 351 556 propagatae
368 483 452 549 sunt,
469 493 528 557 per
544 471 616 558 plus
636 494 694 538 sex
716 471 845 539 saecula
862 472 1011 538 licentiae
1033 470 1317 560 grammaticorum
1339 480 1372 536 et

149 571 319 649 lectorum,
331 571 497 636 socordiae
504 571 710 637 librariorum
722 569 856 637 traditas
867 573 976 652 luisse,
995 594 1090 660 porro
1102 572 1301 659 antiquitatis
1315 574 1370 640 illa
1414 564 1416 567 ⁵

148 675 336 740 testimonia
368 675 401 739 in
431 698 496 740 uno
523 686 650 739 tantum
677 675 818 741 alterove
846 676 956 741 codice
984 697 1216 762 saepenumero
1243 687 1372 743 servata

148 800 232 854 esse,
245 776 484 842 concedendum
497 788 545 842 est
556 775 597 841 ab
609 789 739 842 auctore
752 777 945 843 recensionis
954 776 1123 843 Palatinae
1137 801 1178 844 ex
1189 780 1368 868 archetypo

149 880 299 968 principe
322 891 353 944 et
369 879 538 945 semeiosin
561 891 592 945 et
606 880 729 945 litteras
752 879 823 945 illas
839 879 983 946 Graecas
999 889 1031 944 et
1045 879 1210 945 titulorum
1233 882 1372 946 formam

149 984 340 1070 primariam
364 983 396 1046 in
419 982 601 1069 exemplar,
630 983 716 1067 quod
740 980 914 1060 condebat,
936 982 1031 1068 plene
1061 982 1193 1046 tralatas
1221 1004 1304 1061 esse;
1337 983 1371 1048 in

148 1108 289 1172 quarum
301 1086 444 1150 omnium
455 1085 637 1172 integritate
653 1085 873 1152 imminuenda
888 1095 1015 1170 tempus
1027 1084 1100 1172 plus
1112 1083 1199 1150 mille
1212 1108 1370 1151 annorum

148 1212 216 1254 non
246 1200 369 1254 tantum
397 1189 524 1254 efficere
552 1191 668 1274 potuit,
703 1199 860 1273 quantum
887 1189 920 1252 in
948 1186 1157 1252 Ambrosiani
1186 1189 1371 1254 recensione

147 1292 246 1358 unius
269 1292 407 1357 hominis
429 1290 642 1357 deliberatum
665 1290 843 1363 consilium.
885 1292 920 1356 in
948 1311 1138 1355 scaenarum
1166 1290 1371 1356 distinctione

148 1418 256 1481 pauca
283 1395 489 1460 correctionis
515 1395 621 1458 factae
650 1395 786 1480 vestigia
814 1394 848 1458 in
869 1394 899 1459 P
921 1403 1079 1480 apparent
1113 1414 1215 1478 paene
1238 1415 1369 1459 evanes-

149 1498 257 1562 centia
293 1519 370 1583 prae
403 1497 458 1574 iis,
497 1518 580 1583 quae
613 1495 823 1562 Ambrosiani
856 1507 1017 1562 corrector
1048 1496 1221 1562 fortissime
1254 1496 1370 1583 posuit.

149 1598 380 1687 quaerentibus
404 1598 444 1664 de
467 1599 528 1664 hac
550 1620 585 1663 re
602 1598 693 1664 nobis
715 1599 888 1664 ostendunt
910 1621 988 1664 sane
1003 1599 1251 1665 inconstantiam
1267 1600 1369 1664 maxi-

150 1723 254 1784 mam,
276 1699 334 1765 sed
357 1722 429 1765 earn
456 1700 628 1787 philologis
658 1700 788 1789 quidem
817 1723 895 1787 prae
923 1701 1128 1768 Ambrosiani
1157 1702 1317 1790 elegantia
1340 1713 1372 1768 et

148 1804 331 1868 constantia
353 1803 449 1891 longe
471 1802 728 1889 praeferendam.
773 1805 979 1869 correctionis
1007 1826 1083 1870 vero
1111 1805 1274 1884 metricae,
1303 1826 1367 1893 quo

148 1907 184 1970 in
207 1927 326 1992 genere
353 1905 396 1969 ad
418 1927 579 1969 summum
606 1905 755 1970 licentiae
787 1905 954 1992 fastigium
982 1898 1137 1972 escendit
1156 1917 1270 1974 auctor
1292 1906 1371 1972 Am·

149 2007 322 2074 brosianae
345 2007 547 2088 recensionis,
570 2007 603 2070 in
627 2007 666 2071 iis
688 2007 801 2072 saltem
824 2007 981 2094 partibus,
1005 2032 1088 2095 quae
1111 2011 1144 2074 in
1172 2011 1207 2076 A
1231 2021 1369 2075 aetatem

150 2112 294 2176 tulerunt
318 2150 355 2158 —
381 2109 421 2174 de
436 2108 568 2192 reliquis
583 2131 641 2173 cur
655 2108 734 2173 milri
756 2109 919 2197 agendum
941 2135 1004 2176 non
1021 2113 1128 2190 fuerit,
1151 2124 1300 2199 apertum
1322 2123 1371 2177 est

148 2255 193 2265 -
214 2236 317 2301 paene
340 2214 463 2278 nullum
488 2235 549 2299 ego
571 2211 702 2297 quidem
726 2215 911 2301 exemplum
933 2216 1082 2304 detegere
1107 2216 1205 2304 potui.

236 2315 331 2402 Quod
346 2316 422 2381 inde
439 2316 659 2402 colligendum
682 2338 751 2381 esse
766 2317 830 2382 iam
847 2341 947 2405 supra
967 2341 1039 2384 meo
1054 2319 1123 2385 iure
1140 2318 1218 2396 dixi,
1242 2318 1370 2384 codices

147 2420 317 2486 Palatinos
345 2441 385 2484 ex
414 2418 587 2504 integriore
621 2440 719 2505 quam
745 2417 1000 2485 Ambrosianum
1027 2421 1221 2508 archetypo,
1250 2420 1370 2507 quippe

149 2523 206 2611 qui
233 2523 321 2587 solus
349 2521 551 2605 antiquitatis
579 2521 774 2586 documenta
803 2522 953 2608 religiose
978 2523 1173 2602 servaverit,
1209 2523 1369 2588 derivatos

148 2646 235 2702 esse,
270 2646 333 2688 non
363 2623 468 2687 minus
495 2621 661 2687 evidenter
689 2621 916 2708 comprobasse
943 2624 1022 2689 mihi
1051 2624 1164 2691 videor
1192 2647 1230 2689 eo
1253 2624 1369 2712 capite,

148 2727 237 2813 quod
261 2736 310 2790 est
332 2724 373 2790 de
387 2724 573 2789 recensione
588 2725 811 2809 grammatica.
843 2748 918 2790 nam
940 2727 1127 2814 graviorum
1143 2729 1368 2805 mutationum,

147 2851 233 2915 quae
267 2845 352 2893 certe
378 2827 420 2891 ad
453 2828 540 2913 ipsos
568 2835 716 2892 auctores
746 2829 982 2908 recensionum‚
1017 2854 1081 2895 non
1112 2831 1153 2897 ad
1185 2832 1369 2918 posterioris

146 2931 265 2998 aetatis
279 2929 509 3018 grammaticos
526 2932 672 3008 redeunt,
694 2952 847 2996 numerus
870 2933 903 2995 in
918 2930 952 2996 A
973 2933 1075 2998 multo
1097 2935 1295 3022 frequentior
1311 2944 1368 3009 est,

147 3058 247 3124 quam
269 3035 303 3098 in
325 3034 371 3118 P,
395 3055 505 3098 earum
528 3046 649 3111 autem,
678 3031 795 3121 quibus
817 3035 957 3100 rationes
980 3036 1109 3124 proprie
1137 3037 1370 3123 grammaticae

147 3160 261 3203 ansam
283 3136 430 3203 mutandi
454 3158 517 3200 non
541 3137 644 3203 solum
667 3135 852 3202 auctoribus
874 3140 1113 3222 recensionum‚
1138 3139 1369 3205 verumetiam

146 3237 343 3327 magistellis
367 3235 571 3325 librariisque
594 3238 671 3302 dare
693 3249 881 3323 potuerunt,
904 3239 931 3302 si
954 3238 987 3303 in
1010 3240 1039 3305 P
1060 3240 1170 3327 paullo
1192 3240 1301 3328 plures
1324 3242 1370 3306 in-

145 3343 331 3418 veniuntur,
354 3339 397 3403 ad
417 3339 640 3405 recensionum
656 3339 832 3406 bonitatem
854 3363 935 3407 cave
957 3343 1094 3408 multum
1112 3344 1220 3409 valere
1242 3343 1367 3422 credas,

144 3442 226 3507 cuni
253 3443 336 3507 inter
370 3439 534 3506 saeculum
557 3439 589 3505 V
613 3453 645 3505 et
665 3440 722 3504 XI
751 3453 877 3529 partem
905 3454 992 3508 certe
1020 3467 1131 3511 earum
1164 3455 1275 3511 natam
1298 3467 1369 3511 esse

147 3556 400 3610 consentaneum
428 3543 480 3609 sit.
516 3542 613 3628 longe
642 3554 750 3608 autem
776 3546 910 3631 gravius
942 3557 1000 3631 est,
1036 3547 1123 3636 quod
1151 3546 1369 3634 disputatione

146 3647 189 3711 de
203 3647 300 3734 Epic.
319 3646 392 3711 620.
415 3647 483 3713 Mil.
498 3648 573 3732 plor.
591 3645 683 3714 1180.
704 3647 789 3711 Tmo.
807 3648 879 3716 271.
896 3652 965 3714 Mil.
982 3653 1058 3736 plor.
1077 3651 1120 3716 24
1134 3651 1189 3739 (cf.
1201 3674 1233 3738 p.
1244 3650 1287 3716 20
1297 3674 1368 3738 sqq.

147 3749 211 3815 118
226 3750 289 3835 sq.)
310 3750 451 3814 evictum
474 3763 530 3830 est,
547 3747 800 3814 Ambrosianum
823 3750 972 3816 omnibus
994 3751 1057 3816 illis
1078 3752 1167 3831 locis,
1191 3751 1309 3837 quibus
1327 3752 1369 3818 ad

147 3850 305 3919 Varronis
328 3862 360 3917 et
375 3850 471 3918 Verri
493 3851 605 3916 Flacci
627 3861 773 3938 tempora
795 3851 998 3919 diversitates
1021 3856 1201 3942 scripturae
1223 3855 1368 3934 redeunt,

146 3954 373 4040 gravissimam
388 3953 558 4019 ostendere
573 3955 833 4020 retractationem
848 3966 1031 4043 susceptam
1046 3978 1111 4022 non
1128 3958 1198 4022 sine
1214 3957 1370 4035 doctrina,

147 4077 223 4121 cum
237 4056 266 4121 P
283 4079 393 4121 veram
409 4055 530 4141 ubique
546 4057 739 4143 scripturam
756 4059 816 4122 etsi
832 4080 872 4123 ex
887 4068 981 4145 parte
996 4060 1100 4146 (velut
1114 4061 1184 4125 Mil.
1197 4062 1272 4146 plor.
1287 4059 1371 4125 1180

152 4160 335 4247 ecfafitlato)
363 4168 449 4224 certe
472 4182 533 4224 non
563 4160 773 4238 intellectam,
802 4160 902 4226 nihilo
930 4162 1037 4227 minus
1067 4183 1141 4227 curn
1169 4162 1233 4227 fide
1255 4184 1369 4250 propa-

149 4262 260 4347 gatam
288 4261 473 4347 praebeant
503 4262 577 4326 vide
600 4275 722 4349 quanto
744 4264 876 4349 propius
899 4264 942 4328 ad
964 4264 1224 4348 antiquissimum
1247 4262 1370 4328 fabula-

148 4366 219 4428 rum
235 4362 460 4428 Plautinarum
476 4364 651 4450 exemplar,
668 4365 702 4428 in
719 4387 783 4448 quo
799 4367 902 4431 omnis
919 4365 1028 4431 Plauti
1046 4366 1136 4430 crisis
1154 4365 1291 4431 'condita
1311 4374 1370 4444 est,

148 4465 305 4532 accedant
327 4466 478 4545 Palatini,
502 4490 601 4554 quam
622 4467 867 4537 Ambrosianus.
897 4469 984 4557 quod
1006 4478 1182 4556 antequam
1204 4467 1370 4555 cognitum
