3038 5220
785 257 806 321 2

704 346 894 357 ———...-

186 459 338 544 loquendi
371 470 403 523 et
432 459 511 523 artis
539 460 691 525 metricae
719 461 926 548 adaptarent,
962 463 1067 527 verbis
1096 466 1199 530 minus
1228 468 1311 553 aptis
1342 471 1404 533 alia

184 562 422 639 substituerent,
446 583 577 626 mancos
597 562 684 626 locos
706 562 893 647 supplerent
914 575 1009 645 atque
1027 564 1072 626 ita
1094 578 1220 648 poetam
1244 590 1301 653 pro
1321 570 1401 631 arbi-

184 676 269 729 tratu
292 686 350 728 suo
369 664 585 729 emendarent.
631 664 787 729 eiusmodi
810 663 1001 726 mutationes
1019 677 1141 729 certum
1157 676 1205 729 est
1220 689 1282 731 non
1300 670 1401 733 solum

185 764 398 849 archetypum
420 778 590 850 expertum
614 786 693 842 esse,
716 786 755 827 ex
778 783 842 845 quo
864 784 975 827 omnes
990 766 1090 828 nostri
1113 767 1240 831 codices
1256 768 1399 834 Plautini

182 865 361 944 fluxerunt,
395 867 451 931 sed
486 868 581 932 etiam
615 888 652 930 ea
685 862 922 931 comoediarum
955 866 1170 951 exemplaria,
1205 889 1246 932 ex
1281 869 1399 953 quibus

181 970 353 1055 scriptores
395 982 426 1034 et
463 969 665 1056 grammatici
697 967 802 1042 latini,
842 988 916 1032 cum
955 966 1108 1033 Plautum
1148 969 1297 1049 citarent,
1342 994 1400 1036 sua

181 1073 364 1136 testimonia
394 1071 580 1136 hauserunt.
630 1082 663 1134 at
690 1069 744 1133 ifle
771 1070 967 1158 archetypus
989 1080 1096 1136 utrum
1126 1073 1399 1138 recensionem

180 1173 363 1239 fabularum
386 1172 611 1237 Plautinarum
633 1176 934 1257 repraesentaverit,
957 1173 991 1238 id
1010 1184 1058 1238 est
1073 1195 1132 1258 per
1146 1194 1257 1238 omnes
1273 1173 1399 1239 fabulas

181 1296 201 1338 a
232 1275 444 1362 grammatico
481 1274 622 1357 quodam
660 1271 836 1339 deliberato
876 1277 1008 1340 consilio
1048 1275 1089 1339 ad
1129 1286 1234 1340 certas
1271 1297 1400 1340 normas

180 1392 343 1441 correctus
358 1378 409 1454 sit,
426 1399 467 1440 an
481 1376 647 1440 hominum
663 1375 828 1441 doctorum
848 1378 1039 1441 coniecturis
1054 1393 1084 1440 et
1101 1377 1402 1461 interpolationibus

179 1478 316 1564 sparsim
345 1477 442 1542 illatis
471 1476 502 1539 in
527 1498 598 1539 eam
621 1476 842 1542 condicionem
865 1477 1015 1542 redactus
1038 1478 1094 1555 sit,
1126 1500 1224 1564 quam
1253 1501 1295 1544 ex
1317 1481 1401 1544 codi-

179 1578 269 1644 cibus
294 1578 523 1644 reconcinnare
550 1578 639 1655 licet,
667 1582 702 1642 in
729 1579 853 1643 incerto
881 1601 966 1644 nunc
994 1579 1123 1666 quidem
1152 1581 1308 1665 relinquo.
1362 1584 1402 1648 de

179 1681 217 1746 iis
246 1704 322 1747 vero
350 1681 511 1758 versibus,
541 1681 597 1763 qui
625 1681 712 1765 apud
742 1682 914 1766 scriptores
941 1682 1058 1746 latinos
1087 1683 1176 1747 citati
1198 1683 1360 1750 diversam
1382 1709 1402 1750 a

179 1783 419 1850 recensionibus
453 1794 485 1848 et
513 1783 733 1848 Ambrosiana
768 1793 799 1847 et
825 1783 976 1848 Palatina
1009 1785 1201 1870 scripturam
1235 1787 1400 1864 exhibent,

178 1887 362 1952 cautissime
383 1884 595 1949 iudicandum
612 1897 670 1950 est.
716 1907 852 1971 quorum
874 1887 1053 1971 scripturae
1073 1887 1305 1973 discrepantias
1327 1913 1400 1955 cum

178 2010 410 2078 saepenumero
440 2009 503 2051 non
535 1998 602 2051 tarn
637 1988 816 2052 recensioni
849 1989 978 2054 cuidam
1011 1989 1119 2055 Plauti
1152 1993 1400 2071 comoediarum,

179 2114 277 2175 quam
313 2091 414 2176 ipsius
448 2090 504 2174 qui
540 2090 652 2154 citavit
689 2090 854 2176 scriptoris
891 2093 1064 2159 memoriae
1105 2095 1157 2160 vel
1196 2095 1401 2162 librariorum

178 2194 344 2260 socordiae
374 2193 485 2258 deberi
514 2204 635 2257 certum
662 2193 719 2269 sit,
750 2215 834 2276 quae
862 2205 984 2259 restant
1012 2180 1143 2281 propter
1167 2197 1323 2281 exiguum
1346 2220 1401 2262 nu·

178 2319 303 2362 merum
325 2297 382 2360 vix
405 2304 540 2381 possunt
561 2317 634 2358 cum
658 2294 849 2359 confidentia
870 2295 913 2360 ad
928 2298 1025 2361 aliam
1043 2297 1263 2363 recensionem
1278 2299 1399 2363 referri.

263 2398 329 2466 Sed
352 2419 445 2463 veras
461 2418 579 2480 easque
595 2395 739 2461 diversas
753 2397 938 2463 fabularum
954 2399 1183 2464 Plautinarum
1198 2403 1399 2466 recensiones

178 2502 325 2567 videmus
340 2510 451 2565 extare
465 2500 499 2563 in
514 2499 605 2564 libris
621 2499 859 2584 manuscriptis,
871 2502 905 2563 in
915 2499 1137 2566 Ambrosiano
1148 2503 1355 2589 palimpsesto
1367 2517 1400 2569 et

177 2605 209 2668 in
226 2603 380 2668 Palatinis
396 2601 576 2679 codicibus;
592 2601 649 2686 qui
660 2601 824 2686 duplicem
836 2601 950 2666 harum
964 2602 1202 2669 comoediarum
1213 2609 1400 2671 memoriam

176 2715 419 2793 repraesentant
436 2726 509 2770 eum
525 2704 560 2768 in
579 2703 708 2769 modum
728 2703 907 2780 diversam,
936 2716 975 2777 ut¹
996 2707 1031 2769 in
1053 2707 1204 2773 universo
1220 2708 1400 2776 litterarum

177 2811 382 2894 antiquarum
399 2830 514 2895 campo
526 2807 582 2873 vix
593 2807 696 2872 ullum
714 2806 859 2871 invenias
878 2808 1062 2891 exemplum
1078 2809 1190 2877 simile.
1227 2813 1312 2878 unde
1323 2836 1399 2879 vero

176 2924 224 2978 tot
246 2923 358 2976 ettam
374 2912 526 2998 gravium
544 2910 797 2976 differentiarum
816 2931 913 2975 causa
934 2912 1109 2997 repetenda
1130 2914 1180 2992 sit,
1208 2937 1305 3000 porro
1326 2929 1398 2983 utra

177 3016 322 3081 recensio
345 3014 445 3080 verba
467 3024 582 3099 poetae
597 3012 779 3100 religiosius
801 3013 987 3087 servaverit,
1010 3025 1083 3080 utra
1099 3038 1196 3080 manu
1212 3019 1398 3084 correctoris

178 3120 283 3206 magis
300 3120 478 3184 deformata
493 3118 544 3196 sit,
561 3117 601 3181 de
617 3116 666 3181 his
682 3114 924 3199 quaestionibus
939 3116 1061 3181 iudicia
1076 3118 1217 3184 virorum
1232 3121 1396 3188 doctorum

178 3247 240 3289 non
264 3223 369 3287 minus
391 3222 488 3307 longe
510 3221 628 3284 distare
651 3217 808 3295 videmus,
831 3240 929 3305 quarn
953 3218 1040 3304 ipsas
1062 3221 1271 3288 recensiones.

261 3326 372 3408 Atque
394 3324 582 3389 Fridericus
605 3321 735 3405 quidem
752 3318 1002 3387 Ritschelius
1025 3321 1058 3386 in
1072 3323 1283 3392 'celeberrima
1298 3345 1393 3409 quarn

177 3430 217 3493 de
239 3426 456 3493 Ambrosiano
483 3425 526 3489 ad
548 3423 767 3491 Godofredum
790 3422 1019 3488 Hermannum
1047 3425 1136 3491 dedit
1163 3425 1299 3516 epistula
1307 3423 1333 3507 ²)
1362 3434 1393 3484 et

175 3531 209 3597 in
241 3531 499 3616 Prolegcmenon
532 3527 638 3614 capite
672 3537 773 3604 sexto,
812 3537 983 3612 postquam
1016 3528 1107 3593 varia
1142 3523 1390 3612 corruptelarum

175 3656 296 3721 genera
330 3644 362 3698 et
389 3633 422 3697 in
449 3630 667 3696 Ambrosiano
695 3639 727 3693 et
759 3628 793 3693 in
821 3629 979 3694 Palatinis
1009 3629 1105 3695 obvia
1132 3634 1315 3718 persecutus
1345 3634 1392 3687 est

176 3739 222 3824 (p.
244 3736 395 3804 LXV:
409 3735 466 3822 Op.
485 3735 539 3821 pl.
563 3732 596 3801 V
617 3731 712 3818 324),
740 3731 812 3796 illas
839 3754 951 3797 omnes
980 3729 1210 3821 discrepantias
1236 3727 1282 3791 ita
1311 3748 1393 3790 corn-

176 3850 306 3926 paratas
330 3859 398 3903 csse
420 3836 553 3917 iudicat,
578 3845 612 3900 ut
635 3834 804 3900 consilium
827 3835 958 3921 aliquod
980 3833 1215 3922 corrigendiue
1230 3829 1393 3895 levissimo

177 3942 307 4025 quidem
319 3940 439 4004 indicio
451 3939 604 4026 prodant3
616 3948 649 4003 et
660 3938 757 4026 paulo
769 3939 1024 4026 postconfirmet,
1036 3936 1122 4025 quod
1133 3935 1198 3999 iam
1209 3934 1244 3999 in
1256 3932 1393 4020 epistula

177 4045 231 4109 illa
249 4045 291 4107 ad
310 4043 535 4107 Hermannum
551 4042 650 4106 missa
667 4041 854 4130 scripserat:
876 4051 1050 4107 metrorum
1065 4047 1276 4104 correctorem
1297 4034 1394 4099 nullis

177 4147 227 4210 vel
252 4147 285 4210 in
298 4148 325 4210 A
338 4145 390 4210 vel
407 4145 441 4210 in
457 4144 641 4231 Pvestigiis
659 4144 762 4232 prodi.
796 4145 914 4210 etenim
936 4164 1019 4232 quae
1035 4142 1067 4206 in
1086 4139 1214 4207 codices
1226 4137 1395 4204 Plautinos

264 4403 283 4468 ¹)
310 4401 435 4455 Zeitsobr.
459 4399 724 4471 fiAltcrtbumsrcr'ss.
755 4398 819 4456 tear
854 4417 882 4471 p.
915 4399 974 4455 748.
1000 4398 1054 4455 755
1070 4414 1111 4469 sq.
1134 4417 1170 4442 π
1193 4395 1242 4467 Op.
1266 4390 1396 4464 potr-11

175 4505 203 4560 p.
221 4487 278 4542 182.
297 4487 354 4542 193.

81 4688 296 4896 fl
