3038 5220
690 186 892 292 —us—

180 389 234 458 Vix
254 396 339 463 haee
358 394 452 474 dixit.
474 417 548 462 oum
569 395 814 483 Theopropides
835 395 1008 484 egreditur,
1033 395 1124 461 cuius
1146 395 1258 482 primis
1280 395 1397 474 verbis,

184 509 263 574 quae
283 497 406 565 Tranio
428 507 597 576 metuerat,
620 499 859 566 confirmantur.
903 520 944 562 en
966 496 1065 562 habes
1089 498 1234 563 strictum
1258 507 1290 562 et
1312 520 1401 586 prae·

188 592 284 667 tinum
316 602 471 669 orationis
506 622 722 688 progressum.
776 600 811 667 A
844 622 920 666 vero
951 610 1024 687 post
1053 598 1194 664 v.1054
1221 600 1401 685 quinque¹l

189 713 291 770 Versus
311 706 433 787 inserit,
456 726 594 787 qnorum
610 702 688 787 quid
711 704 823 790 primis
845 715 996 791 quattuor
1015 702 1113 767 fuerit
1137 726 1175 768 ne
1204 703 1399 770 Studemun·

195 795 246 871 (lus
266 806 399 892 quidem
422 806 574 891 dispexit.
618 805 675 869 sed
695 805 828 870 ultimus
850 805 938 871 solus

256 908 513 996 ¹Praeoecupabo
535 918 634 995 atque
656 908 862 973 anteveniam
885 919 916 972 et
937 908 1050 972 foedus
1073 908 1203 974 feriam:
1227 929 1400 974 memoror

195 1011 301 1079 sufficit
331 1013 375 1079 ad
411 1008 692 1098 interpolationem
733 1008 957 1094 detegendam.
1017 1033 1054 1075 ac
1092 1010 1231 1096 primum
1270 1011 1401 1094 quidem

192 1101 351 1182 dictionem
378 1116 436 1180 rix
465 1115 637 1202 quisquam
665 1111 862 1190 laudaverim
895 1114 1123 1198 praeoccupabo
1152 1124 1183 1178 et
1212 1116 1399 1177 anteveniam

186 1207 329 1284 desdam
351 1231 426 1283 sunt
448 1216 709 1304 significationis5
732 1216 993 1281 coniunctionum
1016 1225 1106 1300 atquc
1128 1227 1159 1280 et
1181 1227 1209 1279 et
1224 1237 1300 1281 usus
1323 1217 1401 1281 satis

175 1301 416 1398 incommodum
439 1318 539 1384 verba
561 1340 608 1382 mc
629 1341 730 1382 moror
752 1340 793 1382 ex
817 1317 955 1402 abrupto
977 1317 1149 1384 adduntur.
1181 1317 1298 1382 deinde
1320 1317 1400 1383 haec

167 1403 339 1487 deliberes
367 1421 480 1487 velim:
509 1421 629 1486 Tranio
656 1442 707 1485 res
737 1442 756 1483 a
784 1442 817 1484 se
846 1431 955 1505 gestas
984 1442 1042 1509 per
1067 1420 1225 1506 imagines
1254 1419 1401 1486 debello

158 1503 279 1591 (1047
309 1526 372 1611 sp)
406 1535 438 1589 a
476 1523 629 1590 insutum
666 1521 804 1610 publius
839 1521 1024 1608 desumptas
1056 1521 1311 1610 (1049-1051)
1351 1522 1403 1586 ce-

147 1621 361 1714 Qeripserat.
407 1649 502 1692 versu
525 1640 633 1692 autem
652 1626 734 1692 1055
756 1626 953 1711 metaphoris
977 1625 1096 1690 relictis
1124 1647 1220 1708 quem
1243 1624 1401 1690 inlocum

145 1720 233 1792 1'es
258 1730 324 1794 iam
347 1752 433 1797 nunc
456 1729 613 1794 deductae
636 1729 700 1792 sint
736 1729 925 1815 simpliciter
951 1740 1069 1794 narrat.
1114 1728 1293 1794 eundemne
1315 1751 1401 1793 nunc

142 1827 349 1898 Qredamus
371 1834 490 1896 iterum
512 1831 554 1896 ad
577 1832 755 1917 imaginem
777 1831 948 1896 militarem
970 1830 1127 1897 rediisse?
1157 1831 1243 1916 quod
1268 1853 1344 1895 vero
1368 1853 1401 1894 se

150 1933 429 1999 §mercatorum
459 1946 490 1998 et
513 1943 826 2019 praeoccupatorem
857 1933 961 1998 idest
989 1932 1080 1996 novis
1108 1932 1401 1998 machinationibus

160 2037 358 2119 {remiciem
380 2037 551 2101 instantem
574 2037 780 2102 defensurum
805 2037 894 2114 dicit,
918 2036 1048 2100 minime
1064 2036 1204 2120 quadrat
1225 2036 1268 2101 ad
1284 2046 1401 2122 poetae

173 2138 360 2218 eonsilium,
383 2140 562 2205 secundum
584 2140 671 2224 quod
694 2140 736 2203 ad
759 2140 853 2204 finem
869 2140 932 2203 iam
955 2140 1067 2205 fabula
1081 2149 1243 2225 properat,
1268 2138 1400 2206 Tranio·

182 2263 254 2325 que,
277 2228 475 2327 quamquam
491 2245 604 2330 fugere
619 2253 755 2328 poterat,
779 2243 810 2305 in
835 2264 952 2307 scaena
969 2252 1121 2306 remanet.
1159 2264 1278 2325 magna
1294 2256 1402 2308 autem

182 2355 212 2407 et
245 2365 331 2409 nova
370 2344 514 2408 facinora
553 2346 701 2410 nuntiare
742 2367 846 2429 neque
886 2345 1064 2433 quidquam
1099 2345 1252 2429 perficere
1287 2355 1403 2430 poetae

181 2445 314 2534 dignum
342 2469 406 2511 non
452 2459 515 2525 est,
554 2448 611 2513 sed
643 2448 797 2533 poetastri
833 2470 920 2512 more
957 2448 1050 2513 solito
1089 2460 1202 2534 poetae
1243 2447 1401 2534 imagines

180 2548 406 2640 amplificantis
425 2551 601 2635 proprium.
645 2550 761 2614 deinde
777 2551 808 2614 in
832 2574 869 2617 eo
891 2551 1090 2615 haerendum
1105 2562 1164 2630 est,
1187 2550 1274 2635 quod
1297 2573 1400 2638 neque

180 2650 258 2735 quid
291 2661 587 2737 praeoccupaturos
627 2675 731 2737 neque
768 2655 821 2717 cui
856 2664 1084 2718 anteventurus
1122 2675 1227 2738 neque
1264 2674 1402 2738 quocum

179 2753 294 2819 foedus
317 2754 463 2818 facturus
479 2756 519 2818 sit
549 2755 675 2819 dicitur.
711 2756 744 2819 in
765 2755 828 2820 fine
844 2769 951 2821 autem
968 2779 1120 2821 versuum
1135 2757 1401 2842 interpolatorum

181 2856 318 2921 eandem
341 2854 442 2920 habes
465 2856 636 2922 formulam
659 2881 721 2936 ‚me
739 2869 864 2941 moror‘,
891 2881 956 2942 qua
974 2859 1066 2925 Sciet.
1083 2859 1146 2923 445
1163 2881 1182 2922 a
1197 2858 1402 2944 digressioni-

178 2958 239 3038 bus
262 2957 304 3022 ad
325 2957 455 3024 fabulae
480 2961 639 3024 actionem
660 2960 766 3026 denuo
789 2961 1047 3048 persequendam
1070 2961 1213 3027 animum
1235 2963 1402 3027 revocavit

179 3060 313 3138 histrio;
336 3083 420 3146 quae
443 3083 540 3153 quam
569 3063 738 3128 commoda
768 3063 919 3128 adhunc
947 3064 1045 3129 finem
1068 3065 1138 3129 visa
1165 3065 1206 3129 sit
1232 3063 1403 3150 interpola·

177 3162 302 3229 toribus
343 3163 419 3228 inde
458 3160 621 3241 uidemus,
665 3165 753 3250 quod
786 3166 915 3230 tertium
949 3167 982 3230 in
1021 3166 1168 3233 versibus
1201 3167 1403 3255 interpolatis

181 3267 363 3354 paullulum
388 3271 563 3331 ‘immutata
599 3268 763 3334 invenitur
791 3269 883 3343 Poec.
906 3268 987 3347 9243
1021 3271 1060 3336 cf.
1082 3269 1232 3334 Loewius
1255 3271 1324 3333 Act.
1346 3290 1404 3335 soc.

175 3371 289 3457 ptttot.
312 3369 402 3456 Lips.
426 3368 476 3438 VI
504 3394 535 3456 p.
558 3369 631 3436 253.
675 3371 746 3436 aliis
780 3372 975 3456 quibusdam
1003 3371 1082 3436 loeis
1104 3371 1314 3436 Ambrosiani
1342 3392 1404 3436 me-

147 3497 151 3513 .‚
176 3473 283 3539 'moria
305 3473 388 3538 adeo
410 3473 594 3538 oblitterata
617 3483 675 3550 est,
699 3485 734 3537 ut
757 3472 796 3536 de
819 3486 1010 3558 argumento
1025 3495 1188 3549 versuum,
1212 3495 1292 3560 quos
1315 3473 1403 3537 solus

165 3577 325 3655 exhibet,
348 3576 428 3640 nihil
452 3587 584 3645 constet.
628 3574 736 3639 dehis
759 3575 858 3660 igitur
881 3579 927 3638 ita
943 3574 1152 3639 iudicandum
1171 3585 1228 3652 est,
1251 3585 1287 3638 ut
1309 3574 1403 3638 certis

177 3678 345 3745 iudicandi
379 3678 582 3744 adminiculis
609 3688 756 3742 carentes
799 3677 900 3741 solam
929 3678 1085 3742 rationem
1118 3698 1292 3763 sequamur
1319 3675 1404 3742 lacu·

175 3803 318 3866 namque
349 3783 383 3845 in
410 3781 604 3846 editionibus
632 3802 697 3844 uon
725 3779 920 3858 indicemus,
955 3781 1017 3845 nisi
1053 3779 1153 3844 etiam
1187 3778 1406 3844 Palatinarum

175 3884 365 3949 memoriam
388 3885 577 3949 lacunosam
599 3905 668 3947 esse
697 3884 764 3946 sive
788 3883 930 3948 externis
953 3885 1020 3949 sive
1042 3883 1175 3947 internis
1204 3882 1335 3946 indiciis
1357 3880 1403 3944 in-

178 3986 353 4072 tellegitur.

264 4090 355 4155 Most.
380 4114 410 4155 v.
433 4087 496 4153 933
518 4088 699 4153 Phaniscus
729 4100 761 4152 et
783 4087 963 4153 advorsitor
992 4090 1024 4152 in
1052 4109 1206 4152 scaenam
1236 4086 1423 4176 prodeunt,'

178 4206 216 4260 ut
240 4215 329 4259 erum
346 4216 441 4258 suum
459 4191 707 4257 Callidamatem
725 4212 798 4256 cum
814 4190 879 4256 filio
896 4190 1131 4277 Theopropidis
1153 4193 1185 4256 in
1200 4191 1295 4256 huius
1311 4188 1405 4252 domo

268 4417 288 4484 ¹)
307 4413 518 4469 Studemundns
536 4414 554 4468 l.
573 4430 596 4468 c.
614 4412 803 4469 Bitschelium
820 4412 972 4481 corrigens.
