3038 5220
786 254 825 318 12

201 458 281 544 quid
305 479 380 523 vero
402 455 661 524 Ambrosianus?
690 459 745 544 qui
762 469 886 524 tanturn
903 457 1004 538 abest,
1019 469 1056 525 ut
1071 457 1192 524 Ioswii
1207 458 1426 525 artificiosam

194 561 432 627 distinctionem

602 663 677 729 Hbc
699 685 808 728 eorum
831 663 1011 732 officiumst.

242 765 379 831 Marelis
401 766 493 853 lupds
515 764 602 852 apud
624 766 713 831 oveis
738 765 883 854 linquere
905 788 1003 850 quam
1025 767 1084 832 hos
1106 767 1192 832 domi
1215 766 1370 832 custodes

194 869 403 946 commendet,
432 878 468 933 ut
489 891 621 933 manum
643 868 832 934 correctoris
854 880 964 956 aperte
986 869 1111 956 produt.
1155 868 1220 955 qui,
1243 880 1428 957 postquam

193 973 246 1037 lroc
267 971 300 1044 in
316 971 512 1058 superiorem
528 993 662 1036 versum
678 970 767 1049 abiit,
783 970 846 1036 hoc
871 971 1003 1037 minime
1019 970 1194 1059 respiciens
1215 971 1318 1037 verba
1342 972 1430 1038 inde

191 1073 233 1139 ab
261 1097 362 1138 eorum
394 1073 427 1137 in
461 1083 598 1139 metrum
632 1072 778 1159 redigere
811 1072 934 1139 studuit
973 1075 1109 1159 officium
1141 1096 1200 1161 pro
1227 1097 1302 1162 opus
1345 1075 1431 1142 sub

192 1177 341 1243 stituens:

235 1280 356 1345 Edrum
379 1278 562 1356 officiumst,
584 1277 719 1342 mtvelis
741 1278 834 1364 lupds
856 1278 942 1362 apud
964 1278 1052 1344 oveis
1074 1301 1172 1367 quam
1194 1279 1252 1346 hdo
1276 1279 1370 1344 domi

630 1379 794 1468 Linquere
817 1380 974 1450 custddes.

192 1483 380 1551 correctoris
408 1504 507 1568 opera
530 1504 594 1569 quo
621 1481 793 1548 dilucidius
817 1495 981 1571 appareat,
1019 1484 1100 1550 illud
1126 1486 1189 1564 loc,
1227 1495 1262 1551 nt
1284 1507 1426 1551 consen-

192 1598 321 1650 taneum
348 1595 411 1662 est,
445 1583 628 1672 insequenti
654 1587 761 1650 versui
783 1588 987 1652 restituatur:
1021 1589 1086 1652 ium
1119 1598 1256 1653 metrum
1293 1589 1425 1654 corruit

192 1711 298 1776 neque
313 1687 459 1773 dispicio,
483 1687 644 1772 quomodo
666 1709 730 1752 vox
746 1689 889 1775 assuetum,
913 1689 976 1754 nisi
999 1689 1063 1754 alia
1085 1689 1185 1755 verba
1206 1691 1275 1755 sine
1296 1689 1424 1756 idonea

192 1814 291 1859 causa
319 1791 511 1867 mutaveris,
549 1789 670 1864 servari
693 1790 810 1877 possit,
839 1791 992 1879 quoniam
1013 1790 1186 1857 iambicum
1214 1791 1423 1859 octonarium

192 1894 343 1960 constitui
382 1916 495 1958 versus
533 1915 607 1958 cum
645 1892 869 1960 antecedentes
914 1905 981 1959 tum
1026 1904 1257 1979 consequentes
1294 1905 1422 1961 vetant.

193 1999 326 2084 linquere
361 2019 454 2074 vero,
487 1996 574 2084 quod
607 1995 668 2081 ipsi
684 2039 686 2043 ψ
701 1994 819 2061 Plauto
857 1998 926 2062 sine
961 1996 1028 2062 ulla
1065 1996 1264 2062 dubitatione
1295 1997 1420 2080 tribuo,

193 2101 365 2165 correctori
405 2098 571 2164 offensioni
608 2098 706 2162 fuisse
739 2121 803 2163 non
831 2099 936 2164 credo.
994 2098 1104 2183 itaque
1132 2100 1166 2163 in
1196 2098 1421 2188 Ambrosiauo

192 2201 400 2268 mutationem
424 2213 472 2266 sat
494 2201 649 2281 audacter
676 2224 696 2264 a
719 2213 897 2266 correctore
923 2201 1103 2266 institutum
1134 2199 1420 2289 deprehendimus.

283 2304 400 2367 Trucul.
424 2303 603 2368 246-250.

235 2407 283 2471 A:
300 2405 398 2473 Velut
420 2405 474 2470 hic
490 2416 551 2470 est
566 2406 819 2483 adulescens,
843 2406 909 2491 qui
924 2404 1110 2472 habitant
1125 2406 1201 2485 hic,
1223 2407 1420 2493 agrestis,

747 2568 750 2577 .
802 2509 995 2587 rusticus,

298 2609 405 2675 Nimis
438 2609 581 2675 mortalis
613 2610 741 2695 lepidus
773 2611 900 2699 nimisq.
933 2608 1053 2696 probus
1085 2622 1249 2687 amator;
1288 2610 1347 2676 sed
1387 2611 1419 2676 is

804 2713 887 2777 clam
909 2723 1050 2798 patrem

299 2815 407 2879 Etiam
431 2816 491 2879 hac
508 2826 600 2880 nocte
615 2815 672 2879 illa
686 2838 745 2900 per
759 2816 888 2882 hortum
910 2815 1058 2880 transit
1080 2814 1122 2879 ad
1145 2837 1219 2892 nos3
1244 2836 1316 2879 eum
1341 2815 1421 2881 volo

299 2917 489 3001 Oonvenire,
514 2919 570 2984 sed
593 2932 641 2983 est
662 2919 729 2983 hic
752 2942 834 2984 unus
856 2941 968 2984 servus
991 2916 1253 2983 violentissimus.

236 3021 278 3085 P:
297 3020 341 3087 Ui
362 3032 398 3086 ut
420 3023 479 3107 (=
496 3020 599 3105 velut)
625 3021 678 3084 hic
707 3021 881 3108 agres'tis
903 3032 962 3086 est
981 3019 1234 3097 adulescens,
1263 3017 1333 3106 qni
1353 3019 1421 3086 hic

803 3124 959 3210 habet1)

300 3224 406 3290 Nimis
428 3226 492 3313 pol
514 3225 655 3291 mortalis
677 3224 803 3310 lepidus
825 3225 984 3312 nimisque
1006 3224 1126 3309 probus
1149 3223 1275 3301 dator,

302 3329 368 3394 Sed
389 3330 417 3393 is
441 3329 525 3394 clam
547 3339 650 3414 pater
668 3329 764 3392 etiam
786 3328 848 3392 hac
870 3327 1021 3418 nocte[m]
1043 3328 1118 3392 illac

302 3432 368 3496 Por
382 3432 433 3518 (B,
456 3454 515 3517 per
529 3429 604 3519 OD)
620 3430 749 3496 hortum
766 3430 994 3497 transiliuit
1010 3431 1053 3495 ad
1068 3453 1141 3510 nos3
1164 3452 1237 3495 eum
1252 3429 1326 3493 volo
1342 3451 1420 3495 con-

804 3532 924 3599 venire.

301 3635 366 3701 Sed
388 3647 436 3700 est
458 3635 533 3698 huic
557 3657 638 3699 unus
662 3656 773 3698 servus
797 3632 1054 3698 violentissimus.

281 3737 411 3802 Primus
434 3738 474 3801 de
496 3737 557 3801 hoc
579 3736 650 3800 loco
673 3737 739 3822 egit
760 3735 1013 3813 Studemundus,
1033 3736 1090 3823 qui
1111 3735 1145 3799 in
1164 3735 1265 3814 libro,
1293 3734 1348 3800 cui
1372 3736 1421 3800 in·

196 3838 346 3904 scribitur
384 3841 539 3925 Feetpnsss
581 3841 635 3902 der
667 3839 900 3925 philolopa‘sclren
939 3837 1134 3925 Gerellsclsaft
1170 3862 1208 3902 zu
1246 3837 1422 3925 Wurzbwrp

194 3965 226 4042 p·⁸
240 3943 281 4007 47
297 3944 378 4007 haec
393 3942 535 4007 disserit:
556 3941 650 4020 ,Vers
668 3940 962 4028 3s(2toseh0011)
980 3964 1067 4005 muss
1087 3941 1157 4005 eine
1175 3939 1419 4006 schwanlrende

196 4045 446 4132 Uberlieferung
460 4044 581 4132 gehabt
595 4043 718 4122 haben;
735 4043 792 4108 der
807 4043 989 4108 Recensent
1006 4043 1063 4108 des
1074 4044 1117 4120 A,
1132 4042 1249 4108 dessen
1262 4041 1419 4129 Fassung

195 4171 308 4236 wegen
332 4150 388 4213 des
411 4148 621 4213 Pleonasmus
644 4150 769 4233 opsecras
790 4149 917 4210 rusticus
942 4144 1010 4210 und
1038 4167 1151 4232 wegen
1180 4144 1237 4209 des
1263 4144 1415 4230 gentibu-

195 4251 337 4317 licheren
359 4252 476 4315 labitur
499 4260 574 4315 statt
596 4250 652 4314 des
673 4248 890 4336 gewiihlteren
921 4249 1009 4313 babet
1034 4246 1220 4334 gegeniiber
1247 4245 1304 4310 der
1327 4245 1413 4332 pala·

285 4475 305 4544 ¹)
323 4475 394 4528 labit
412 4473 444 4540 B,
463 4472 518 4527 ubit
536 4471 593 4537 UD,
612 4471 761 4537 lacertu,
780 4470 920 4533 Placidus.
