3038 5220
676 204 878 308 -A-

164 411 193 477 P
216 415 246 475 in
271 411 375 498 primo
405 433 500 475 versu
527 412 662 498 exiguas
685 412 845 498 genuinae
868 415 1048 500 scripturae
1071 438 1206 481 meamne
1229 417 1386 506 reliquias·

164 525 333 582 servarunt
360 514 393 577 in
421 537 589 590 meamane,
618 515 703 597 quod
732 515 865 582 B1OD
891 516 1061 603 praebent.
1094 518 1150 582 sed
1177 518 1278 584 iidem
1313 544 1401 586 curm

165 639 290 694 omnes,
324 619 351 680 si
379 639 398 679 a
421 616 562 680 secunda
591 640 688 680 manu
718 618 839 681 codicis
862 620 979 682 veteris
1002 618 1193 699 recedimus,
1217 625 1312 687 inuno
1333 625 1384 688 lm

165 724 245 807 opita
267 719 394 783 tradant
411 734 442 782 ct
457 719 488 782 in
505 720 599 782 tertio
622 739 718 783 versu
741 717 860 806 ubique
890 721 1105 786 nominativos
1128 725 1315 804 ostendant,
1343 726 1393 790 de

167 820 299 888 consilio
322 821 505 907 corrigendi
528 841 591 884 non
614 822 675 884 erit
697 819 919 885 dubitandum.

246 944 357 1008 Pseud.
382 939 444 1006 739
466 939 605 1022 ,Ecquid
622 948 730 1003 autem
748 941 843 1004 homo
860 941 959 1006 habet
982 946 1066 1008 aceti
1088 944 1119 1008 in
1143 948 1297 1031 pectore?
1313 949 1327 1033 ΙΙ
1342 959 1389 1012 at-

162 1069 224 1130 que
249 1045 510 1110 acidissumum‘
531 1041 580 1126 A3
606 1054 695 1128 utque
718 1045 892 1106 acidiaeumi
914 1044 977 1131 ΡΙ)

246 1166 338 1231 Stich.
366 1163 408 1228 89
441 1164 534 1240 ,ferre
569 1161 741 1224 advorsum
776 1161 897 1225 homini
927 1184 1121 1248 occupemus
1150 1166 1309 1232 osculum‘
1338 1170 1367 1231 A
1373 1193 1382 1245 ‚·

159 1270 306 1332 homiuem
328 1267 367 1343 P,
391 1264 634 1329 accomodatum
657 1264 809 1327 nimirum
833 1266 1062 1349 praepositioni
1084 1269 1254 1334 advorsum.

243 1389 355 1451 Pseud.
380 1385 461 1450 1007
485 1405 593 1469 ,perge
609 1404 706 1467 opera
723 1384 909 1469 experirier‘
924 1380 967 1462 A,
983 1407 1107 1471 operum
1123 1386 1160 1470 P,
1178 1387 1220 1451 ad
1243 1386 1375 1454 verbum

159 1489 276 1555 obiecti
299 1490 370 1553 vice
393 1487 538 1551 relatum.

243 1609 339 1694 Epic.
365 1608 426 1673 162
454 1605 540 1683 ‚Non
569 1606 654 1667 enim
683 1626 767 1667 nunc
791 1604 985 1670 dormitandi
1008 1630 1112 1692 neque
1134 1610 1309 1674 cunctandi
1332 1632 1378 1676 co-

157 1712 252 1796 piast‘
268 1710 313 1786 A,
329 1711 556 1773 dormitandum
571 1709 629 1793 (sc.
647 1710 701 1793 est)
719 1707 754 1772 P.
772 1710 811 1773 cf.
830 1709 921 1772 Stich.
940 1709 1003 1773 280
1026 1708 1132 1786 ‚Nunc
1157 1711 1216 1776 tibi
1238 1723 1377 1800 potestas

158 1811 359 1898 adipiscendi
382 1822 430 1874 est
452 1810 598 1893 gloriam‘
621 1810 663 1892 P,
688 1812 885 1896 adipiscenda
908 1813 949 1876 A.

248 1932 332 1998 Truc.
356 1928 419 1994 300
441 1928 556 2007 ,Nemo
580 1929 684 1992 lromo‘
700 1929 748 2006 A;
782 1952 867 1993 nemo
888 1931 1036 1994 hominem
1059 1931 1093 2013 (i.
1117 1933 1331 2018 aluminum)
1353 1934 1376 1997 P

157 2034 332 2100 secundum
355 2034 523 2119 vulgarem
547 2032 729 2100 dictionem.
774 2032 813 2097 de
841 2054 904 2116 quo
927 2033 998 2097 loco
1026 2034 1059 2096 in
1083 2034 1277 2099 contrariam
1307 2058 1376 2121 par·

156 2149 221 2202 tem
249 2136 404 2202 iudicavit
430 2135 629 2200 Ribbeckius
658 2137 738 2198 Mus.
762 2137 823 2198 er.
846 2135 1029 2201 XXXVII
1049 2159 1081 2220 p.
1102 2136 1175 2201 417.
1199 2138 1319 2202 etenim
1345 2140 1377 2203 in

155 2264 240 2305 mmo
267 2243 414 2305 hominem
442 2260 616 2323 agnoscere
645 2237 705 2301 sibi
728 2237 856 2301 videtur
878 2237 1069 2321 scripturam
1092 2260 1166 2304 vere
1191 2239 1377 2305 Plautinum

155 2347 340 2420 semaraim,
363 2365 446 2427 quae
462 2341 598 2405 similem
617 2339 879 2424 depravationem
902 2361 1056 2423 perpessa
1078 2340 1119 2404 sit
1142 2352 1239 2429 atque
1262 2366 1294 2406 v.
1318 2342 1376 2408 172

155 2458 217 2509 tum
241 2449 319 2510 mim
346 2444 454 2530 (codd.
478 2468 497 2506 a
518 2443 665 2526 momim').
695 2443 726 2504 in
751 2441 784 2504 A
799 2441 840 2503 ad
864 2440 1026 2505 scribendi
1041 2464 1180 2507 errorem
1203 2445 1376 2510 accessisse

155 2547 347 2612 emendandi
371 2547 556 2622 consilium,
586 2567 650 2627 quo
680 2566 764 2606 nemo
791 2543 877 2606 homo
904 2553 1016 2607 natum
1039 2545 1089 2608 sit.
1119 2545 1239 2628 qua'in
1267 2570 1375 2612 reme

154 2652 285 2735 quidem
309 2650 539 2714 adsentientem
569 2669 631 2710 non
662 2644 772 2722 habet3
806 2668 881 2709 nam
903 2668 989 2709 nemo
1009 2647 1096 2710 imno
1118 2647 1204 2733 apud
1221 2648 1374 2714 Plautum

153 2757 257 2820 rarius
281 2764 329 2818 est
351 2751 489 2838 (duobus
512 2751 590 2815 locis
614 2771 665 2813 me
688 2750 795 2835 legere
815 2748 945 2813 memini
976 2748 1043 2816 Vid.
1067 2747 1155 2827 118,
1178 2750 1263 2814 Pers.
1288 2752 1374 2838 211),

153 2880 250 2941 quam
273 2856 358 2944 quod
381 2853 553 2921 coniecerit
574 2851 813 2938 grammaticus

236 2977 328 3040 Pom.
362 2976 442 3041 1304
475 2971 574 3051 ,adire
610 2981 761 3035 certumst
796 2969 881 3033 hanc
915 2971 1101 3035 amatricem
1136 2972 1298 3039 Africam‘
1326 2977 1372 3052 A;

152 3080 229 3142 lanc
251 3080 293 3140 ad
315 3079 489 3140 amatricem
510 3075 549 3151 P,
578 3074 634 3138 ubi
663 3072 832 3138 consilium
854 3072 1035 3157 corrigendi
1059 3096 1099 3137 ex
1122 3077 1368 3160 praepositionis

153 3180 361 3245 collocatione
383 3180 589 3264 perspicuum
605 3176 650 3240 fit.

240 3300 366 3366 caan
389 3300 419 3377 2,
444 3300 483 3363 15
512 3298 572 3375 ,vir
600 3318 649 3360 me
680 3296 778 3360 habet
807 3295 966 3379 pessumis
997 3295 1163 3381 despicatu
1192 3299 1308 3364 modis‘
1330 3301 1371 3378 A,

152 3405 337 3489 despicatum
358 3402 396 3466 P.
421 3402 460 3467 cl.
482 3399 649 3465 Bentleius
673 3399 714 3462 ad
737 3397 811 3462 Ter.
835 3399 916 3463 Dru.
940 3397 977 3461 Π
999 3398 1029 3475 3,
1052 3397 1101 3464 93.

234 3525 326 3586 Mem.
356 3521 420 3586 553
453 3522 495 3598 ,id
528 3521 592 3584 iam
621 3521 793 3595 lucrumst,
825 3518 910 3603 quod
938 3519 1032 3580 vivis‘
1061 3517 1111 3595 A;
1150 3520 1232 3583 lucro
1259 3519 1299 3598 P,
1332 3521 1372 3585 ad

149 3625 315 3709 exemplar
331 3649 381 3691 vv.
397 3627 483 3688 Asin.
502 3625 572 3688 102.
608 3625 689 3686 Men.
705 3621 778 3702 356,
795 3631 831 3685 ut
846 3619 984 3696 videtur,
1006 3621 1172 3704 scriptum.
1206 3623 1293 3687 Pers.
1310 3624 1372 3689 713

149 3749 272 3804 ‚verum
294 3727 398 3791 fecisti
421 3728 512 3790 lucri‘
536 3726 609 3802 AB,
640 3727 756 3788 lucrum
778 3721 847 3789 OD.

234 3846 346 3911 Bacch.
379 3845 440 3909 947
479 3844 721 3922 ,Mnesilochust
759 3841 966 3917 Alexander,
1003 3843 1057 3926 qui
1092 3843 1152 3908 erit
1187 3844 1287 3909 exitio
1327 3847 1373 3910 rei

149 4035 351 4046 mannan-n·—

232 4187 255 4254 ¹)
274 4187 309 4238 ln
319 4183 403 4239 simili
413 4202 506 4239 rerum
516 4183 680 4240 condicione
690 4182 713 4238 P
723 4189 870 4253 utramque
883 4185 1052 4253 scripturam
1066 4188 1213 4238 servarunt
1230 4185 1308 4240 Tmo.
1321 4189 1374 4243 425

148 4267 219 4337 ,Non
241 4271 326 4324 audes
349 4271 467 4338 aliquid,
489 4271 528 4323 mi
546 4271 652 4335 anime,
677 4270 744 4323 darc
762 4270 937 4336 munusculi‘;
963 4271 1003 4322 sic
1020 4268 1142 4322 Brixius.
1178 4271 1375 4327 mumucim‘lim

147 4354 179 4418 B,
197 4372 287 4407 munus
306 4354 421 4407 ciuilium
439 4354 496 4419 OD,
519 4355 548 4407 in
567 4354 666 4422 quibus
685 4355 831 4422 scripturis
849 4358 907 4407 tam
925 4354 1101 4406 nemusculum
1119 4371 1202 4421 quam
1222 4361 1374 4412 munusculi

147 4439 224 4492 latet.
