3082 5228
748 290 789 356 74

158 490 241 556 telae
276 514 354 556 ansa
382 492 553 578 perspicua
583 502 638 559 est.
690 496 779 562 velut
802 499 870 564 Mil.
892 500 966 584 plor.
999 499 1075 577 182,
1104 499 1159 566 ubi
1194 501 1280 577 ‚idbe
1311 500 1378 569 buc

159 595 306 659 transire‘
337 595 381 672 A,
416 594 511 672 ,iube
538 597 673 661 transire
706 599 779 662 huc‘
813 600 842 663 P
876 600 1042 680 exhibent,
1077 603 1256 690 elegantiae
1292 617 1378 671 certe

159 697 275 761 melius
302 698 493 775 consulitur,
527 698 553 761 si
587 720 660 762 cum
686 699 869 766 Ribbeckio
902 703 1068 769 Palatinos
1095 705 1279 791 probamus.
1325 709 1375 773 sin

159 823 235 866 vero
264 803 296 865 in
319 801 348 865 P
370 801 528 866 correctio
551 800 720 866 statuenda
744 813 805 881 est,
837 805 916 888 quid
939 804 1172 892 Niomeyerum
1192 809 1373 893 impedivit,

159 905 329 992 quominus
364 903 499 968 eandem
536 913 692 970 statueret
726 908 808 971 Men.
832 907 912 985 265,
944 907 1000 972 ubi
1027 908 1056 972 P
1083 907 1252 986 ,oedodum
1276 912 1378 976 mibi

158 1006 235 1072 hbe
256 1007 501 1093 marsuppium‘,
525 1008 740 1085 A,cedodum
765 1010 839 1075 huc
862 1011 958 1076 mlhi
981 1005 1214 1098 marsuppium‘
1236 1013 1380 1084 habent?

212 1128 215 1135 '
243 1130 355 1192 Pseud·
377 1127 441 1193 330

199 1233 244 1296 A:
268 1232 422 1318 Propera.
446 1230 524 1318 quid
547 1229 634 1294 stas?
658 1228 686 1293 ei
709 1229 839 1293 accerse
862 1253 963 1316 agnos

198 1332 245 1398 P:
268 1334 422 1421 Propera.
445 1334 524 1419 quid
546 1332 633 1396 stas?
656 1331 784 1396 dccerse
808 1355 919 1418 agnos.

242 1453 399 1540 Ignorare
422 1477 484 1517 non
508 1453 612 1539 potuit
641 1451 862 1536 Niemeyerus,
892 1476 990 1536 quam
1022 1477 1117 1540 saepe
1148 1457 1218 1541 ipse
1248 1457 1300 1521 hic
1322 1457 1379 1520 im-

157 1556 323 1643 perativus
346 1559 359 1619 i
384 1556 435 1621 vel
464 1556 544 1620 eiin
573 1554 738 1621 codicibus
767 1555 963 1620 interciderit
973 1558 1009 1644 ¹),
1040 1558 1073 1620 id
1102 1559 1189 1642 quod
1218 1559 1280 1624 hoc
1306 1559 1380 1624 loco

157 1658 309 1724 facillime
325 1668 507 1736 excusatur,
531 1658 617 1742 quod
641 1682 660 1720 a
677 1657 830 1741 sequitur.
875 1658 993 1744 pusilla
1017 1669 1064 1723 est
1079 1659 1176 1725 etiam
1200 1661 1380 1726 differentia

157 1762 240 1825 inter
263 1761 344 1826 elem
367 1771 399 1826 et
421 1761 487 1826 laem
516 1761 550 1823 in
573 1783 602 1824 v.
628 1760 696 1827 Mil.
718 1760 794 1845 plor.
818 1761 876 1838 36,
907 1784 1003 1846 quam
1032 1762 1065 1826 in
1094 1761 1303 1828 Ambrosiani
1327 1764 1379 1828 ho·

157 1885 267 1928 norem
295 1864 431 1949 profert,
463 1885 659 1949 quamquam
688 1862 739 1926 vel
768 1863 811 1940 is,
842 1863 896 1947 qui
926 1864 1022 1927 crisin
1045 1864 1232 1929 Plautinam
1263 1866 1380 1931 solum-

100 2033 103 2040 ,
158 1967 253 2031 modo
276 1965 391 2050 attigit,
415 1989 512 2052 quam
538 1987 634 2050 saepe
657 1965 688 2028 in
714 1964 988 2031 interiectionibus
1011 1965 1231 2032 describendis
1254 1967 1380 2033 librarii

158 2068 377 2157 peccaverint,
413 2092 476 2132 non
504 2077 610 2152 potest
639 2091 702 2130 non
737 2068 1001 2137 animadvertere.
1053 2091 1156 2154 neque
1185 2070 1257 2154 plus
1292 2071 1381 2135 valet

162 2173 244 2236 Trio.
268 2171 340 2248 200,
371 2170 427 2236 ubi
450 2193 538 2235 mera
567 2170 813 2255 interpolatione
842 2171 875 2234 in
898 2171 932 2236 A
961 2174 1036 2236 odeo
1066 2181 1176 2237 natum
1206 2193 1275 2236 esse
1299 2172 1380 2238 mihi

158 2275 294 2340 videtur.
340 2297 379 2338 ne
402 2274 474 2361 quis
497 2275 613 2338 afferat
636 2272 728 2336 Stich.
752 2272 814 2338 598

201 2377 250 2443 A:
271 2376 369 2442 iuben
392 2388 427 2441 tu
444 2362 530 2441 domi
554 2397 666 2440 cenam
690 2375 785 2458 coqui

179 2474 243 2545 ¹P:
265 2479 363 2545 idben
386 2480 473 2544 domi
495 2501 609 2544 cenam
631 2477 726 2561 coqui
1252 2559 1254 2563 ¹

160 2585 216 2648 vix
239 2582 417 2647 verendum
440 2596 497 2646 est.
542 2603 616 2645 nam
638 2580 756 2645 mirum
780 2589 872 2656 esset,
895 2580 922 2643 si
945 2579 979 2642 in
1001 2601 1065 2646 uno
1081 2579 1259 2663 eodemque
1282 2603 1379 2647 versu

160 2695 321 2751 corrector
353 2685 510 2749 haesisset
542 2684 574 2747 in
598 2665 696 2761 domi,
726 2683 884 2768 patienter
907 2704 983 2748 vero
1016 2683 1141 2749 tulisset
1166 2667 1254 2750 iabin
1287 2687 1379 2749 domi.

157 2799 244 2854 recte
277 2798 384 2852 autem
420 2787 574 2854 Goetzius
608 2810 678 2851 eam
719 2808 830 2850 vocem
865 2785 1021 2851 delevisse
1051 2786 1188 2853 videtur.
1236 2797 1380 2854 ceterum

158 2891 222 2957 hue
237 2889 382 2976 ‘pertinet
404 2889 500 2954 etiam
528 2889 613 2952 ttae.
637 2888 709 2956 287.
1276 2912 1278 2917 ·

157 3195 351 3261 Ritschelius
374 3196 407 3258 in
430 3197 541 3259 Pseud.
565 3219 594 3260 v.
618 3195 680 3260 223
703 3196 737 3260 in
758 3197 790 3259 A
811 3193 904 3279 legit:

243 3297 493 3384 Reprehendam
516 3320 576 3384 ego
599 3298 621 3361 b
634 3344 788 3366 ........
807 3308 923 3363 cuncta
945 3319 1010 3363 una
1032 3318 1131 3381 opera
1154 3297 1215 3360 nisi
1232 3345 1259 3364 ..
1281 3297 1379 3363 hodie

764 3399 974 3464 haecomnia

360 3503 457 3568 Facis
481 3505 532 3567 ‚ff
544 3557 550 3571 .
568 3553 574 3568 .
593 3527 636 3568 .a
661 3525 744 3588 quae
767 3503 894 3587 loquor3

159 3605 343 3693 Geppertus
378 3617 487 3673 autem
521 3607 612 3693 (stud.
640 3605 679 3671 H
706 3629 738 3690 p.
765 3605 835 3693 63):
875 3603 1136 3689 ,Reprehendam
1174 3603 1283 3669 hercle
1316 3625 1378 3690 ego

158 3720 274 3773 cuneta
302 3731 366 3773 una
393 3730 492 3794 opera
528 3710 588 3775 nisi
617 3710 747 3797 quidem
776 3709 871 3775 hodie
900 3709 979 3773 haec
1007 3707 1114 3772 omnia
1136 3706 1234 3771 Facis
1260 3705 1377 3770 effecta

159 3833 242 3894 quae
265 3811 400 3896 loquor!

199 3929 243 3995 B:
266 3931 514 4018 Reprehendam
537 3954 598 4018 ego
619 3942 735 4000 cuncta
756 3931 871 4004 hercle.
887 3953 952 3997 una
974 3952 1073 4016 opera
1094 3929 1156 3994 nisi

265 4031 404 4118 Quidem
427 4034 522 4099 bodie
544 4046 580 4101 tu
602 4035 709 4100 omnia
731 4033 811 4099 facis
839 4035 1014 4099 scelesta
1044 4033 1141 4096 haec
1162 4041 1204 4096 ut
1226 4031 1376 4114 loquor.

158 4138 378 4205 recensionem
397 4139 432 4202 in
454 4137 624 4205 Pnfactam
654 4159 723 4202 esse
753 4145 820 4200 tam
847 4134 1054 4201 manifestum
1076 4145 1139 4210 est,
1168 4141 1205 4200 ut
1232 4133 1377 4219 longiore

159 4240 360 4308 enarratione
383 4241 591 4326 supersedere
614 4239 743 4325 possim.

205 4504 208 4511 ¹
247 4489 755 4582 i§Eznnnplt'praeite·st‘1l'1t'⁵tnn.·v
773 4502 798 4576 l,
816 4512 840 4566 8.
859 4498 940 4564 Poen.
960 4504 1033 4569 1309
1052 4509 1149 4565 Pseud.
1168 4509 1227 4564 335.
1239 4478 1315 4564 839.λ
