3038 5220
778 263 819 327 22

698 354 897 365 --.--ἡ

191 459 320 528 Nonius
346 464 467 548 profert
489 465 593 549 ‚quasi
620 487 722 551 usque
742 466 785 532 ad
806 466 961 554 papillam
983 465 1150 532 renudato‘
1166 466 1312 554 ineptam
1328 466 1425 545 dicit,

78 631 81 636 ,
193 564 343 651 exemplo
369 565 604 652 Aristophanio
642 569 740 654 (Eocl
771 567 849 654 267)
878 569 976 634 allato
1005 568 1207 657 Leidolphus
1237 568 1424 656 redarguit

194 666 324 753 egregie
346 677 453 733 antem
475 667 696 735 Palatinorum
720 672 905 737 memoriam
929 671 1073 736 defendit
1093 670 1331 750 Buecheler-us,
1362 672 1426 757 qui

193 768 235 832 ad
258 790 370 834 vocem
393 771 562 858 exfafillato
577 771 804 858 explicandam
825 775 918 840 docte
934 773 1082 839 adhibuit
1103 774 1232 840 tabulae
1253 773 1425 861 Iguvium

194 869 328 936 verbum
343 874 508 960 erasas-ica,
533 873 714 939 derivatum
738 874 780 940 ab
801 875 914 941 eadem
932 876 1041 942 radice
1057 877 1125 964 sos,
1138 898 1222 961 quae
1238 875 1424 954 ,notionem

194 973 369 1060 ligaturae,
403 972 558 1061 originem
581 977 718 1042 fortasse
738 982 911 1061 πείσμασιν
939 993 970 1042 et
997 976 1428 1063 offendicibusproximam

193 1073 311 1140 babet‘.
354 1077 508 1164 quocirca
529 1078 715 1155 ,exfafillato
728 1079 870 1147 brachio‘
890 1080 1078 1146 vertendum
1093 1090 1142 1145 est
1163 1079 1309 1163 ,brachio
1323 1091 1429 1147 extra

193 1177 329 1243 amictus
352 1178 482 1245 vincula
510 1180 656 1266 prolato‘.
703 1202 823 1246 novum
851 1192 959 1247 autem
993 1180 1067 1247 huic
1095 1181 1167 1247 voci
1198 1180 1429 1249 testimonium

197 1279 320 1345 accedit
336 1301 376 1345 ex
392 1280 482 1346 Plac.
497 1283 583 1367 pleae
601 1305 632 1369 p.
648 1282 702 1360 41,
719 1281 759 1346 16
774 1281 828 1361 Ι).,
851 1282 1093 1361 exfabillavero,
1114 1292 1291 1349 exemero‘.
1332 1283 1428 1364 vide,

196 1393 353 1467 qnantum
375 1383 597 1450 Palatinorum
618 1385 836 1451 testimoninm
858 1396 999 1473 praestet
1012 1385 1223 1451 Ambrosiani
1242 1387 1429 1454 memoriae

195 1507 260 1551 non
288 1484 492 1551 librariorum
519 1486 653 1552 stultitia
687 1487 898 1573 depravatae,
936 1487 993 1552 sed
1014 1486 1219 1574 grammatici
1247 1487 1428 1561 cuiusdam

196 1587 281 1652 mala
309 1587 479 1653 sedulitate
506 1599 616 1666 natae,
643 1589 699 1673 qui
726 1610 800 1656 cum
827 1590 996 1678 exfafillato
1017 1610 1082 1654 non
1110 1588 1329 1674 intellegeret,
1352 1613 1429 1657 sen·

196 1690 316 1756 tentiae
327 1701 360 1755 et
369 1690 499 1777 apicum
511 1705 667 1776 quantum
679 1703 806 1778 poterat
822 1693 944 1757 ratione
957 1690 1067 1756 habita
1078 1692 1264 1778 ecpopildatn
1280 1692 1428 1759 effinxit

245 1793 330 1856 Troe.
354 1791 416 1856 271

281 1895 332 1962 A:
360 1893 446 1978 Quia
463 1892 522 1960 tibi
543 1916 660 1960 suaso
680 1893 819 1960 infecisti
843 1894 1040 1980 propudiosa
1059 1893 1216 1980 pallulam

355 1996 412 2061 An
434 2018 471 2063 eo
492 1995 625 2061 bella's?

198 2110 393 2176 ,resuasu‘
426 2099 469 2181 P3
503 2099 621 2165 Festus
654 2123 686 2187 p.
709 2099 797 2166 3021>
822 2101 877 2165 12:
911 2099 1089 2177 ,Suasum
1117 2099 1203 2165 colos
1238 2099 1431 2186 appellatur

199 2200 255 2285 qui
281 2201 317 2265 fit
345 2223 384 2265 ex
412 2202 576 2267 stillicidio
604 2204 729 2269 fumoso
758 2204 790 2267 in
815 2202 1005 2269 vestimento
1028 2201 1112 2271 albo.
1133 2201 1285 2267 Plautus:
1315 2201 1431 2289 „Quia

199 2301 257 2367 tibi
279 2325 374 2369 suaso
396 2303 536 2369 infecisti
562 2304 759 2391 propudiosa
781 2304 970 2390 pallulam.“
1015 2303 1146 2391 quidam
1173 2316 1280 2371 autem
1310 2304 1431 2393 legunt

199 2405 370 2471 insuaso.
426 2429 485 2471 nec
513 2407 629 2472 desunt
656 2408 710 2492 qui
744 2408 854 2472 dicant
881 2429 1008 2472 omnem
1036 2406 1175 2470 colorem
1202 2406 1259 2490 qui
1290 2407 1351 2472 liat
1384 2409 1431 2473 in-

199 2508 336 2575 ficiendo
359 2531 515 2574 suasum
539 2509 657 2592 vocari,
681 2510 768 2593 quod
791 2510 883 2592 quasi
907 2507 1176 2594 persuadetur
1197 2508 1231 2572 in
1254 2507 1360 2575 alium
1385 2531 1429 2578 ex

201 2609 275 2675 albo
290 2610 448 2674 transire!
489 2611 583 2675 Paul.
606 2634 637 2697 p.
656 2611 728 2688 111,
751 2610 786 2674 9:
816 2609 1043 2688 ,Insuasum
1059 2608 1267 2695 appellabant
1282 2610 1430 2679 colorem

201 2712 337 2777 similem
350 2714 447 2790 luteo,
463 2713 519 2798 qui
534 2712 631 2778 fiebat
646 2735 687 2778 ex
703 2714 828 2778 fumoso
841 2712 1023 2777 stillicidio‘
1045 2710 1245 2777 Philoxenus
1256 2736 1290 2799 p.
1303 2713 1381 2794 122,
1394 2715 1432 2780 2:

201 2816 430 2893 ,insuasumz
463 2811 547 2895 εἶδος
568 2815 722 2903 ὄοκαρίων
745 2819 1021 2899 κεκαπνισμένωνῆ
1074 2825 1145 2902 post
1171 2814 1253 2879 haec
1273 2817 1433 2903 exempla

202 2940 313 2983 omnes
337 2918 433 2983 credo
451 2941 657 2983 concessuros
681 2940 750 2983 esse
783 2916 1007 2982 Palatinorum
1036 2916 1194 3002 scriptura
1216 2939 1342 2981 rceuuea
1365 2941 1431 2986 non

202 3023 329 3086 tertiam
343 3021 506 3107 quandam
519 3022 736 3086 recensionem
749 3021 998 3105 repraesentari3
1013 3020 1111 3084 immo
1121 3041 1240 3083 ramoso
1251 3041 1293 3085 ex
1306 3023 1433 3088 insumo

202 3134 386 3209 corruptum
415 3146 484 3188 esse
512 3136 548 3189 ut
576 3138 740 3210 putemus,
775 3136 875 3188 metro
906 3143 1034 3209 quoque
1056 3120 1256 3186 adducimur.
1314 3122 1432 3209 itaque

203 3226 333 3292 tertium
354 3226 462 3291 locum
485 3224 656 3304 habemus,
680 3249 744 3312 quo
778 3226 939 3311 duplicem
963 3225 1155 3310 scripturam
1177 3224 1266 3309 apud
1288 3225 1433 3301 Festum

171 3368 174 3372 -
204 3341 364 3394 servatam
392 3329 519 3393 codices
548 3351 675 3416 quoque
702 3327 844 3393 Plautini
874 3326 1038 3392 exhibent.
1087 3338 1277 3412 quaerentes
1306 3341 1432 3411 autem,

204 3444 276 3497 utra
298 3431 458 3517 scriptura
474 3453 551 3495 vera
566 3432 615 3511 sit,
636 3429 735 3495 verbo
752 3433 906 3494 totamm
920 3442 1046 3516 praeter
1062 3429 1158 3496 Pauli
1173 3429 1281 3494 locum
1296 3431 1433 3500 firmum

204 3533 400 3620 praesidium
444 3548 593 3618 paratum
635 3554 704 3597 esse
754 3532 901 3598 videmus
943 3531 1122 3597 Philoxeni.
1162 3532 1434 3618 interpretatione

205 3658 339 3723 graeca,
369 3638 422 3700 cui
444 3635 472 3698 si
494 3635 654 3699 accedunt
675 3632 803 3699 codices
825 3633 978 3712 Palatini,
1002 3656 1081 3720 quos
1105 3633 1147 3698 ad
1169 3633 1306 3699 eandem
1329 3638 1434 3724 scrip-

206 3753 312 3805 turam
340 3739 446 3805 redire
475 3737 701 3825 cognovimus,
724 3735 854 3800 minime
883 3734 1050 3822 probabile
1078 3745 1139 3816 est,
1171 3735 1258 3819 quod
1280 3738 1434 3805 nonnulli

206 3841 267 3907 viri
295 3841 382 3906 docti
408 3839 648 3916 iudicaverunt,
683 3838 766 3902 hanc
800 3859 910 3903 vocem
939 3839 1038 3903 errori
1065 3849 1191 3903 tantum
1219 3836 1433 3910 librariorum

206 3942 325 4011 deberi.
367 3953 454 4009 recte
487 3942 572 4007 enim
593 3939 795 4026 Leidolphus
824 3940 974 4025 exposuit
1002 3962 1073 4005 eam
1101 3961 1173 4005 oum
1202 3938 1433 4023 alliteratione,

206 4059 275 4112 tum
309 4044 396 4131 qnod
430 4046 531 4111 altera
562 4046 667 4109 forma
704 4066 826 4107 mosum
858 4043 1140 4130 grammaticorum
1174 4063 1307 4129 operam
1344 4044 1434 4115 oleat

207 4147 393 4235 (videbatur
415 4148 499 4213 enim
520 4170 541 4213 a
563 4169 642 4212 voce
665 4143 820 4212 suadendi
843 4144 983 4210 derivari
1001 4146 1111 4232 posse)
1132 4144 1252 4231 pariter
1266 4166 1435 4223 commen·

206 4251 286 4316 dari.
352 4272 393 4316 ex
435 4249 517 4315 falsa
555 4260 662 4315 autem
701 4247 897 4333 etymologia
934 4247 1142 4313 Ambrosiani
1179 4246 1261 4314 illud
1306 4270 1437 4325 suam

207 4363 319 4417 natum
341 4374 410 4419 esse
432 4351 524 4416 Festi
547 4350 646 4418 verba
667 4348 862 4438 evincuntff)

296 4525 317 4596 ¹)
335 4521 389 4578 His
401 4520 493 4578 tribus
511 4519 580 4577 locis
591 4517 764 4590 Ireidolphus
778 4517 847 4573 duos
859 4516 947 4586 addit,
965 4517 1065 4587 quibus
1078 4517 1181 4588 duplex
1192 4510 1339 4589 scriptura
1361 4504 1440 4599 apud
