3038 5220
146 426 213 495 est,
241 415 435 500 Niemeyero
462 438 493 501 p.
512 414 554 479 23
581 416 798 502 suspicionem
827 418 1025 483 recensionis
1054 418 1160 501 inicit,
1190 420 1284 507 quasi
1312 442 1377 486 non

145 517 341 604 saepissime
362 520 416 603 qui
435 519 509 603 quin
530 520 606 603 quid
626 517 712 582 inter
733 541 768 584 se
791 530 1074 585 commutarentur.
1099 522 1168 585 Mil.
1190 524 1267 607 plor.
1295 523 1376 589 1124

145 621 256 710 (1119
276 619 389 705 Ribb.)
424 624 498 707 quin
525 620 564 699 P,
598 625 652 708 qui
679 623 728 700 A3
762 623 846 686 Pers.
877 622 939 687 296
968 625 1022 708 qui
1048 624 1078 687 A
1106 635 1210 703 recte,
1244 629 1318 712 quin
1339 626 1379 693 P.

147 723 319 790 Merobffl
331 724 440 810 quiuA
452 733 549 801 recte,
561 727 637 811 quid
645 724 683 807 B,
697 727 751 810 qui
762 723 832 790 OD.
849 725 930 792 Tn'u.
944 725 1008 792 464
1020 728 1094 811 quin
1104 727 1148 805 A,
1162 727 1273 814 qoiuP
1284 729 1379 795 falsu.

194 844 308 911 Pseud.
330 841 393 907 298
415 842 464 907 A:
487 840 624 907 Postilla
647 865 758 907 omnes
781 843 941 908 cautiores
965 854 1040 908 sunt

415 944 458 1010 P:
479 943 536 1010 Ab
559 945 671 1009 alienis
694 945 854 1010 cautiores
877 956 964 1012 sunt.

150 1047 193 1112 of.
216 1044 431 1131 Niemeyerus
465 1069 496 1133 p.
515 1046 572 1124 54,
607 1047 663 1131 qui
692 1049 731 1112 ab
759 1049 865 1112 alienis
886 1062 922 1114 ut
950 1049 1111 1136 glossema
1140 1052 1247 1116 versui
1270 1074 1379 1139 super·

149 1149 311 1235 scriptum
332 1148 432 1213 fuisse
454 1171 547 1235 posse
570 1150 729 1214 concedit.
773 1160 807 1213 at
829 1173 893 1214 non
916 1162 963 1215 est
984 1152 1256 1237 interpretationis
1278 1176 1378 1220 causa

150 1249 353 1335 adscriptum
365 1248 440 1315 huic
452 1251 569 1328 versui,
588 1273 662 1315 nam
679 1252 865 1329 ‚cautiorem
881 1274 951 1316 esse
969 1252 1011 1318 ab
1027 1253 1147 1342 aliquo‘
1161 1255 1299 1320 latinum
1313 1278 1377 1322 non

149 1362 216 1431 est,
234 1351 291 1416 sed
306 1350 415 1416 versui
430 1353 633 1419 antecedenti
648 1353 724 1438 ‚Qui
739 1376 832 1419 suom
848 1377 945 1442 quom
959 1366 1130 1441 repetunt‘,
1142 1379 1186 1425 so.
1199 1356 1240 1422 ab
1253 1358 1377 1425 alienis.

197 1455 308 1519 Pseud.
330 1453 394 1519 398

238 1557 308 1644 Ag:
331 1556 478 1643 Propera
499 1557 607 1623 adduc
629 1557 792 1623 hominem
815 1560 962 1625 celeriter

260 1659 305 1725 P:
327 1658 474 1747 Propera
496 1660 604 1726 adduc
626 1661 788 1726 hominem
811 1664 884 1730 cito.

150 1762 366 1848 Niemeyerus
398 1786 428 1850 p.
458 1764 498 1827 21
533 1786 674 1828 errorem
703 1765 876 1830 alibrario
911 1766 1118 1832 commissum
1146 1789 1216 1832 esse
1244 1768 1376 1834 minime

151 1866 310 1944 concedit,
332 1865 431 1931 immo
453 1867 521 1932 eius
544 1867 728 1931 auctoritati
755 1867 914 1932 succurrit
943 1869 1129 1932 coniectura
1152 1891 1300 1955 ,propera
1324 1870 1375 1934 ho

151 1969 272 2034 minem
301 1967 408 2034 adhuc
433 1969 601 2034 celeriter‘.
651 1968 691 2033 de
725 1969 1011 2056 proceleusmatico
1044 1970 1239 2036 Muellerum
1272 1972 1376 2037 citans

150 2075 254 2161 (Prot.
276 2072 380 2137 Plout.
404 2094 435 2157 p.
450 2072 506 2158 56)
529 2072 610 2136 haec
625 2072 732 2135 addit:
756 2095 965 2161 ‚quamquam
980 2071 1117 2139 Plautus
1139 2074 1172 2138 in
1188 2075 1375 2140 universum

151 2174 475 2262 proceleusmaticum
508 2187 595 2241 recto
623 2175 743 2241 iudicio
769 2197 902 2261 perraro
931 2197 1045 2262 passus
1075 2187 1138 2259 est,
1173 2188 1283 2243 tamen
1314 2178 1377 2244 boc

150 2279 223 2343 loco
244 2277 502 2364 interpunctione
525 2290 556 2342 et
579 2278 685 2342 colore
707 2279 861 2343 orationis
885 2302 949 2344 non
972 2279 1076 2345 solum
1099 2291 1289 2359 excusatur,
1318 2282 1376 2345 sed

151 2383 251 2447 etiam
274 2391 349 2467 apte
372 2382 572 2447 admittitur.‘
600 2380 633 2444 in
657 2380 774 2468 quibus
797 2381 1031 2468 redarguendis
1058 2381 1132 2447 nolo
1154 2381 1271 2468 longus
1295 2404 1376 2450 esse.

151 2485 356 2573 Geppertum
373 2496 482 2549 autem
504 2484 544 2548 de
556 2507 689 2570 propera
712 2484 849 2549 delendo
866 2484 1026 2570 cogitasse
1048 2485 1205 2550 adnotare
1220 2487 1298 2550 satis
1314 2495 1374 2549 est.

191 2587 195 2593 ⁴
239 2587 331 2652 Stich.
347 2586 425 2662 392;
449 2587 489 2652 cf.
506 2585 721 2671 Niemeyerus
738 2608 769 2671 p.
785 2587 836 2653 33.
858 2586 1031 2668 ,Hercules
1053 2588 1109 2675 qui
1132 2586 1212 2653 deus
1234 2588 1288 2665 sis,
1311 2586 1374 2651 dis·

152 2691 276 2756 cessisti
299 2711 364 2754 non
386 2688 477 2754 bene‘
501 2692 541 2767 A,
564 2713 623 2753 uon
644 2691 724 2753 mole
746 2689 783 2772 P,
808 2711 891 2777 quae
913 2711 1002 2754 mera
1024 2690 1244 2776 interpretatio
1267 2701 1324 2755 est.

245 2793 330 2856 Touo.
355 2791 415 2856 181
449 2793 596 2869 ,Amanti
626 2792 653 2856 si
681 2792 757 2858 cuin
784 2793 872 2876 quod
901 2791 985 2857 dabo
1008 2801 1159 2870 nonest,
1188 2815 1252 2858 non
1275 2793 1374 2859 didici
1444 2868 1446 2873 ¹

150 2894 300 2961 fabulari‘
322 2892 372 2972 A;
404 2895 566 2972 ‚Amantis
594 2895 693 2980 siquit
714 2916 778 2959 non
803 2895 926 2959 danunt
949 2917 1014 2958 non
1037 2894 1136 2959 didici
1158 2895 1309 2962 fabulari‘
1330 2895 1374 2975 P;

153 3000 193 3067 cf.
215 2997 431 3082 Niemeyerus
459 3021 491 3083 p.
513 2997 570 3075 23,
597 3000 654 3082 qui
688 2996 772 3062 inP
805 3007 942 3063 metrum
970 2999 1128 3065 intactum
1157 3021 1227 3064 esse
1255 3010 1373 3066 monet.

152 3111 187 3167 at
206 3101 240 3165 in
262 3123 300 3166 eo
323 3122 451 3188 quoque
474 3101 662 3188 exemplari,
685 3123 728 3165 ex
745 3121 810 3183 quo
825 3099 932 3164 scriba
947 3099 1201 3166 Ambrosianum
1225 3102 1373 3178 confecit,

152 3226 213 3268 non
239 3216 312 3291 post
340 3207 389 3267 cui
409 3203 528 3267 lectum
558 3224 628 3268 esse
656 3224 696 3266 ex
729 3204 843 3268 relicta
868 3203 977 3267 littera
999 3228 1035 3281 o,
1069 3226 1168 3290 quam
1197 3214 1310 3291 postea
1336 3215 1374 3271 nt

153 3328 427 3393 supervacaneam
443 3305 562 3371 delevit
577 3315 634 3371 aut
650 3305 758 3370 scriba
775 3319 830 3371 aut
846 3318 1015 3389 corrector,
1031 3306 1238 3393 intellegitur.
1261 3309 1372 3392 itaque

153 3411 372 3476 Palatinorum
388 3409 555 3495 archetypi
571 3408 678 3473 scriba
700 3409 868 3495 exemplar
890 3432 984 3475 suum
999 3409 1149 3496 religiose
1166 3410 1374 3498 descripsisse

154 3514 292 3593 videtur,
315 3515 348 3578 in
371 3515 404 3578 A
427 3523 536 3578 autem
558 3513 790 3599 grammaticus
817 3511 1019 3597 ineptissima
1041 3510 1142 3576 verba
1169 3510 1267 3596 ,quod
1289 3510 1375 3595 dabo

152 3640 217 3683 non
239 3626 298 3683 est‘
322 3615 487 3681 addidisse
510 3615 645 3682 videtur.

243 3722 328 3785 Touo.
351 3720 415 3783 224
435 3721 479 3784 A:
513 3718 624 3798 ,Bonis
652 3739 723 3782 esse
750 3726 876 3802 oportet
906 3713 1056 3781 dentibus
1082 3715 1190 3781 lenam
1211 3714 1374 3802 probam‘3

146 3825 297 3912 probrum
318 3821 356 3887 P.
379 3820 594 3906 Niemeyerus
616 3841 648 3906 p.
665 3820 722 3885 35:
758 3830 929 3897 ,corrector
958 3841 1077 3883 novum
1107 3818 1303 3884 adiectivnm
1333 3820 1375 3884 ad

151 3926 335 4013 exemplum
358 3923 551 3990 substantivi
569 3925 717 4010 probrum
737 3922 874 3987 fortasse
896 3921 1014 3984 finxit!
1058 3919 1238 3986 Schoellius
1261 3920 1304 3984 ad
1325 3944 1373 3986 u:

152 4077 161 4109 ,
186 4029 269 4097 uode
292 4029 401 4117 inepta
425 4029 547 4115 profert
567 4025 798 4111 Niemeyerus:
822 4024 862 4093 cf.
878 4024 951 4101 832,
970 4024 1080 4110 probri
1090 4021 1150 4088 BC
1166 4053 1210 4072 ==
1219 4024 1332 4109 probi!

237 4134 330 4197 Poco.
355 4131 416 4197 701
446 4130 509 4208 ‚Ibi
537 4152 597 4216 ego
619 4141 649 4192 te
677 4125 808 4212 replebo
837 4147 940 4213 usque
973 4132 1176 4211 unguentum
1204 4123 1374 4210 geumatis‘

153 4235 199 4313 A;
222 4234 285 4313 ,Ibi
308 4247 339 4299 te
361 4232 618 4320 replebo-usque
635 4239 834 4317 unguentum
857 4227 1047 4315 egeumatis‘
1061 4225 1101 4291 P.
1131 4224 1374 4292 Studemundus

153 4361 223 4407 ooo.
241 4339 318 4425 plut
340 4335 465 4404 XOIH
492 4359 523 4424 p.
546 4336 603 4399 62:
639 4335 743 4412 ,Poeu
772 4331 830 4396 HI
852 4331 888 4410 3,
914 4330 956 4395 88
990 4329 1117 4394 sohiebt
1142 4329 1177 4394 A
1207 4350 1268 4416 ego
1290 4328 1375 4393 nach

153 4440 198 4509 ibi
216 4441 279 4520 ein,
300 4442 383 4526 lolgt
406 4439 474 4504 also
492 4440 580 4504 einer
594 4461 678 4525 ganz
695 4436 817 4502 andern
836 4433 1039 4502 Recension.‘
1056 4431 1144 4516 quod
1161 4443 1230 4498 tum
1245 4433 1376 4500 demum

1170 4554 1204 4608 12
