3038 5220
724 228 785 294 172

90 506 93 512 ,
186 434 254 500 Mil.
276 433 351 520 plor.
373 434 437 498 374

228 536 279 602 A:
302 536 374 602 Non
397 537 476 602 mibi
497 546 631 625 possunt
653 535 748 599 minis
771 535 832 600 tuis
856 534 943 599 bisce
967 537 1068 602 oculis
1091 538 1228 602 exfodiri

229 639 273 705 B:
295 639 371 707 Non
393 649 528 726 possunt
550 638 628 703 mihi
651 637 798 702 minaciis
821 637 883 702 tuis
906 638 994 704 hisce
1016 639 1117 704 oculis
1138 640 1237 706 fodiri

198 741 271 806 CD:
290 741 365 808 Non
389 742 466 806 mihi
490 750 624 827 possunt
647 740 793 806 minaciis
816 741 878 806 tuis
901 741 989 806 hisce
1012 743 1096 809 oculi
1117 742 1222 810 fodiri.

144 842 178 907 in
204 852 341 929 utraque
369 844 557 909 recensione
585 865 696 909 versus
720 854 936 910 correctorum
964 867 1097 911 manum
1126 856 1280 933 expertus
1304 857 1365 924 est,

144 945 190 1010 ita
212 957 333 1030 tamen,
363 946 498 1034 utquid
526 948 560 1011 in
582 946 758 1035 archetypo
781 948 926 1034 principe
954 948 1051 1013 fuerit
1078 948 1225 1034 indagari
1252 950 1365 1034 possit.

143 1049 369 1136 etenimquod
393 1050 427 1113 in
451 1050 476 1113 P
498 1049 616 1136 legitur
632 1051 743 1138 fodiri,
767 1049 826 1115 etsi
848 1073 867 1114 a
888 1049 1018 1136 linguae
1041 1050 1273 1116 consuetudine
1298 1075 1363 1117 non

144 1151 226 1216 adeo
259 1150 410 1217 abhorret
442 1162 538 1240 atque
565 1151 744 1219 Ritschelio
772 1152 878 1241 Opone.
900 1152 940 1217 II
962 1175 993 1239 p.
1016 1152 1080 1220 650
1107 1154 1212 1219 visum
1242 1164 1292 1219 est
1323 1194 1366 1204 -

145 1253 187 1317 cf.
211 1252 307 1319 Ovid.
331 1276 359 1320 o.
383 1277 411 1320 a.
433 1250 537 1318 1339
560 1254 648 1338 ‚quid
671 1254 755 1320 fodis
777 1255 959 1334 immeritis,
987 1254 1125 1333 Phineu,
1153 1278 1212 1321 sua
1240 1257 1367 1322 lumina

143 1357 239 1420 natis‘
265 1393 309 1404 --
336 1366 443 1420 tamen
469 1355 621 1422 Plautino
649 1355 722 1422 usui
755 1357 954 1442 refragatur,
992 1379 1057 1441 quo
1087 1359 1233 1441 confodiri,
1269 1370 1305 1425 ut
1331 1359 1367 1425 A

144 1456 294 1545 praebet,
324 1456 528 1544 efflagitatur.
572 1480 667 1545 porro
697 1458 729 1522 in
757 1459 786 1524 A
810 1463 909 1536 minis,
942 1461 974 1524 in
997 1458 1026 1524 P
1048 1463 1186 1524 minacia
1215 1461 1365 1548 legimus.

145 1584 259 1627 vocem
291 1563 452 1639 minacior,
488 1583 585 1646 quam
618 1559 815 1626 Ritschelius
848 1561 939 1627 initio
972 1563 1101 1628 omnino
1136 1563 1258 1629 nullam
1293 1586 1365 1631 esse

146 1665 288 1741 dixerat,
321 1674 434 1753 postea
462 1661 595 1750 (ibidem
624 1663 657 1726 in
686 1664 906 1752 adnotatione)
936 1687 953 1729 e
982 1664 1186 1753 popularium
1217 1689 1366 1733 sermone

147 1766 349 1854 desumptam
366 1789 435 1830 esse
450 1787 544 1851 posse
561 1767 727 1845 concessit,
751 1768 908 1856 analogiis
925 1767 1001 1833 satis
1024 1769 1182 1834 firmatam
1206 1791 1276 1835 esse
1291 1781 1368 1856 post

144 1869 281 1959 Hauptii
297 1892 392 1935 curas
405 1892 497 1933 nemo
512 1869 657 1957 negabit3
681 1872 720 1936 cf.
736 1872 800 1934 incl.
818 1871 881 1934 lect.
894 1870 997 1937 Berol.
1012 1870 1095 1935 1856
1109 1892 1141 1956 p.
1156 1872 1196 1939 10
1207 1907 1241 1925 =
1257 1871 1314 1960 Op.
1327 1856 1368 1939 II

39 1995 40 1998 ’
145 1995 175 2059 p.
199 1973 271 2041 110.
293 1973 458 2038 invenitur
479 1981 589 2037 autem
615 1973 700 2037 Teuc.
724 1973 787 2038 948

228 2074 360 2142 Meliust
382 2085 414 2141 te
436 2075 531 2140 minis
555 2085 679 2141 certare
700 2097 837 2152 mecum,
860 2097 958 2159 quam
980 2075 1128 2141 minaciis

145 2177 410 2247 renuardus.

229 2281 279 2346 A:
303 2280 459 2347 Minacias
483 2303 543 2368 ego
566 2280 657 2347 flocci
680 2303 743 2346 non
765 2280 884 2346 faciam
906 2290 978 2347 tuas

229 2384 272 2448 P:
295 2383 453 2449 Minacias
476 2406 537 2469 ego
559 2385 637 2448 istas
659 2383 751 2449 flocci
772 2405 838 2448 non
860 2383 944 2449 facio
966 2396 1047 2450 tuas.

146 2508 187 2552 ac
201 2486 387 2553 Rassowius
407 2488 458 2573 (de
475 2488 583 2550 Plauti
601 2487 789 2550 substantivis
803 2486 836 2550 in
852 2510 922 2550 aaa.
934 2488 1012 2574 phil.
1028 2489 1126 2574 suppl.
1144 2486 1221 2552 XII
1236 2509 1268 2573 p.
1287 2488 1367 2575 593)

144 2611 203 2655 suo
236 2590 305 2654 iure
338 2591 462 2654 monuit
495 2589 625 2652 minime
654 2591 721 2652 veri
756 2589 859 2654 simile
893 2611 961 2654 esse
995 2613 1066 2655 eam
1095 2592 1246 2670 formam,
1281 2614 1366 2676 quae

143 2703 216 2780 post
236 2692 389 2758 Plautum
411 2692 444 2755 iu
466 2691 582 2756 litteris
603 2691 711 2756 latinis
728 2714 791 2757 non
811 2693 972 2757 invenitur
995 2703 1026 2757 et
1047 2693 1116 2758 sine
1140 2692 1237 2760 dnbio
1253 2694 1363 2761 nullus

145 2795 295 2861 librarius
318 2805 468 2873 noverat,
499 2819 518 2859 a
541 2818 703 2880 quoquam
731 2795 854 2860 illatam
881 2817 951 2860 esse
974 2798 1005 2860 in
1031 2795 1196 2861 Palatinos
1227 2796 1366 2866 codices.

146 2898 244 2963 immo
261 2909 510 2963 consentaneum
534 2898 680 2962 essehoc
702 2898 773 2963 loco
793 2909 827 2962 ut
849 2898 978 2983 saepius
994 2897 1210 2965 Ambrosiano
1229 2901 1367 2966 formam

147 3001 308 3067 noviciam
332 3001 496 3066 obtrusam
519 3000 614 3065 esse?
644 3011 740 3085 atque
763 3001 795 3064 in
811 3000 972 3066 Rudentis
994 3021 1100 3080 versu,
1124 3024 1197 3068 cum
1219 3005 1368 3069 minacior

146 3116 281 3191 utraque
315 3102 458 3169 recensio
488 3102 653 3185 exhibeat,
688 3107 760 3167 istae
788 3126 879 3182 vern,
915 3127 979 3191 quo
1008 3105 1042 3168 in
1073 3104 1149 3169 solis
1177 3103 1204 3168 P
1237 3116 1367 3171 servato

148 3217 285 3272 metrum
300 3204 459 3284 turbatur,
475 3228 605 3293 prorsus
623 3205 758 3271 otiosum
775 3206 815 3270 sit
830 3205 884 3292 (cf.
904 3207 987 3272 Troo.
1004 3206 1092 3294 948),
1108 3228 1211 3291 paene
1226 3207 1366 3274 dixerim

148 3309 264 3375 rationi
298 3331 496 3396 repugnare,
531 3308 558 3374 si
592 3310 664 3396 quis
702 3320 739 3373 ut
772 3312 845 3373 ieter
876 3318 1034 3386 servaret,
1069 3330 1267 3396 quamquam
1302 3333 1369 3377 vox

148 3415 295 3477 minacior
316 3425 352 3478 ut
376 3412 477 3476 latina
505 3410 582 3476 satis
604 3412 768 3477 vindicata
792 3423 849 3489 est,
878 3415 976 3476 minae
998 3434 1015 3477 e
1038 3412 1222 3479 coniectura
1247 3411 1369 3478 scribat

148 3537 207 3580 nec
238 3516 347 3601 potius
383 3515 637 3582 Ambrosianum
672 3528 800 3580 secutus
834 3517 906 3579 ictas
934 3515 1038 3582 eiciat.
1093 3513 1191 3599 idque
1224 3514 1251 3578 si
1278 3526 1369 3583 recta

149 3618 348 3704 disputatum
382 3631 442 3701 est,
478 3619 542 3683 iam
577 3618 735 3684 dubitatio
770 3619 860 3683 nulla
896 3630 944 3682 est
978 3619 1057 3703 quin
1092 3616 1199 3682 versui
1237 3639 1368 3704 quoque

147 3719 262 3786 Militis
284 3720 415 3807 gloriosi
437 3745 501 3786 vox
524 3725 661 3786 minaciis
687 3721 886 3786 restituenda
915 3721 964 3787 sit.
1008 3721 1117 3808 itaque
1145 3721 1172 3785 si
1201 3743 1241 3785 ex
1263 3720 1298 3786 A
1321 3744 1370 3786 ea·

141 3824 253 3911 fodiri,
276 3845 317 3886 ex
334 3821 363 3887 P
384 3826 521 3887 minaciis
539 3822 734 3900 reducimus,
756 3822 913 3888 habemns
934 3822 1070 3888 formam
1088 3844 1210 3901 versus,
1234 3824 1367 3908 qualem

147 3927 181 3991 in
205 3925 381 4009 archetypo
404 3925 551 4010 principe
572 3924 671 3990 fuisse
694 3925 919 4011 spoponderim

231 4027 307 4093 Non
331 4042 466 4115 possunt
487 4028 565 4093 mihi
588 4027 734 4092 minaciis
756 4028 819 4092 tuis
842 4028 929 4093 hisce
952 4026 1054 4093 oculis
1076 4025 1225 4093 exfodiri.

149 4132 204 4216 qui
227 4131 386 4219 quomodo
409 4131 443 4196 in
456 4131 537 4196 duas
552 4131 672 4196 formas
688 4129 827 4207 easdem,
851 4151 931 4217 quas
947 4129 976 4193 A
993 4138 1024 4194 et
1039 4127 1068 4193 P
1089 4127 1182 4194 nobis
1196 4126 1367 4213 praebent,

148 4234 264 4302 abierit
286 4234 523 4323 apertissimum
546 4244 611 4311 est;
640 4232 758 4298 etenim
780 4254 852 4297 cum
876 4254 987 4297 versus
1010 4233 1094 4296 iusto
1122 4231 1250 4316 longior
1273 4240 1367 4315 esset,

149 4339 247 4404 variis
270 4338 373 4404 modis
406 4337 574 4425 utriusque
603 4335 798 4402 recensionis
822 4345 970 4401 auctores
992 4346 1094 4399 metro
1123 4333 1368 4399 consuluerunt:

149 4439 386 4507 Ambrosianae
408 4440 604 4506 recensionis
628 4447 741 4503 auctor
762 4441 851 4503 mirata
872 4459 931 4522 pro
952 4439 1104 4515 minorita,
1134 4458 1232 4523 qnam
1254 4458 1370 4505 vocem
