3038 5220
653 179 853 281 Q

141 385 287 472 vestigiis
315 387 386 450 item
417 396 451 449 ot
490 384 696 452 scribendum
730 408 801 452 esse
829 384 988 463 docuerit,
1029 386 1200 452 correctori
1230 386 1364 451 metrico

144 488 288 553 tribuens
322 487 408 574 quod
448 487 480 550 in
514 487 543 552 P
572 491 642 553 item
675 491 710 553 r'd
745 512 806 554 non
847 489 1017 558 invenitur.
1077 498 1110 554 at
1143 489 1242 554 miror
1275 487 1364 575 quod

143 590 311 659 Vahlenus
334 589 532 678 anaphoram
561 589 651 655 verbi
674 593 782 672 omont,
813 612 877 678 qua
906 591 1053 656 iracundi
1082 601 1114 655 et
1143 591 1287 678 loquacis
1310 591 1365 655 ho

143 693 238 757 minis
259 692 360 757 oratio
382 694 502 780 optime
524 693 719 780 depingitur,
743 703 933 781 aspernatus
955 716 997 758 ex
1019 715 1057 758 eo
1079 694 1185 782 potius
1214 693 1366 758 emenda-

143 795 262 860 tionem
285 795 415 881 petivit,
443 795 530 882 quod
553 795 806 883 interpolationis
829 797 970 884 speciem
1000 808 1110 884 aperte
1132 818 1211 883 prae
1234 819 1268 861 se
1290 795 1365 862 fert.

143 899 178 960 id
200 898 285 962 enim
313 920 355 962 ex
388 919 484 962 versu
509 898 718 962 antecedente
751 898 875 964 illatum
904 921 1058 964 essenon
1087 899 1191 963 minus
1215 909 1365 986 apparet,

144 1021 240 1084 quam
262 1002 334 1064 item
355 1000 530 1085 pessimum
551 1023 621 1066 esse
644 1001 908 1069 additamentum.

191 1102 272 1166 Trio.
287 1102 370 1167 427·
390 1103 432 1169 A:
455 1102 529 1187 Qua
550 1105 719 1191 sponsione
741 1127 904 1192 pronuper
926 1113 992 1169 tute
1015 1114 1149 1169 exactus
1172 1125 1206 1167 es

388 1204 433 1270 P:
455 1204 528 1289 Qua
550 1207 721 1293 sponsione
745 1229 907 1295 pronuper
929 1214 965 1271 tu
987 1215 1122 1271 exactus
1144 1227 1188 1270 es.

143 1306 170 1368 si
204 1305 276 1392 quis
308 1309 351 1370 sit
389 1307 444 1394 qui
482 1307 647 1395 Spengelii
689 1309 945 1373 emendationem
988 1305 1112 1392 ,Quam
1158 1308 1365 1395 sponsionem

142 1419 273 1493 propter
295 1417 363 1474 tute
385 1420 519 1474 exactus
542 1416 587 1474 es‘
610 1410 722 1497 probet
737 1421 834 1496 atque
857 1412 938 1476 adeo
961 1432 1034 1476 cum
1050 1410 1248 1497 Niemeyero
1270 1431 1306 1494 p.
1323 1407 1365 1472 22

146 1510 231 1576 inP
259 1514 489 1578 correctionem
521 1516 685 1578 metricam
715 1524 849 1592 statuat,
883 1515 971 1601 legat
1000 1536 1083 1602 quae
1113 1513 1269 1578 Goetzius
1292 1512 1364 1576 Jen.

144 1612 222 1678 Mar.
244 1613 321 1679 Zeit.
350 1615 429 1682 1875
452 1638 482 1702 p.
504 1616 567 1682 567
591 1615 778 1704 disputavit.

191 1717 273 1781 Trio.
295 1717 357 1783 361

228 1820 279 1885 A:
300 1817 353 1884 Ne
376 1820 536 1906 exprobra
558 1829 664 1907 pater:
696 1821 782 1886 mala
805 1821 905 1887 multa
929 1820 1082 1884 eveniunt
1112 1818 1251 1902 homini,
1281 1840 1367 1903 quae
1388 1827 1390 1832 '

950 1922 1025 1999 volt,
1049 1942 1132 2009 quae
1156 1943 1220 1986 non
1243 1921 1321 1986 volt.

144 2026 228 2088 molo
239 2026 390 2091 omittunt
402 2037 498 2111 atque
512 2028 664 2114 opprobro
675 2038 706 2091 et
718 2048 795 2113 quoe
807 2026 902 2090 nevolt
913 2022 1067 2089 exhibent
1078 2023 1122 2109 P;
1134 2024 1175 2088 cf.
1182 2047 1213 2112 p.
1223 2024 1273 2090 25.
1288 2023 1322 2090 N
1325 2026 1367 2088 ic-

146 2149 295 2214 meyerus
316 2128 496 2217 Bergkium
518 2140 646 2196 secutus
669 2129 756 2195 hunc
777 2151 906 2194 versum
929 2138 1021 2193 caute
1044 2149 1122 2192 sane
1144 2127 1366 2193 commendat:

232 2230 285 2297 Ne
301 2231 461 2319 exprobra
477 2242 580 2323 pater:
605 2233 691 2297 mala
706 2232 807 2300 multa
830 2232 984 2297 eveniunt
999 2231 1121 2296 homini
1144 2252 1227 2318 quae
1243 2230 1366 2299 nevolt.

144 2344 178 2398 at
204 2337 378 2419 sententia,
413 2358 496 2420 quae
524 2336 571 2401 sic
605 2335 731 2412 evadit,
765 2335 910 2421 profecto
939 2355 1042 2421 neque
1076 2333 1187 2398 sollers
1220 2342 1271 2397 est
1306 2355 1386 2399 nec·

144 2437 261 2503 Plauto
290 2437 398 2526 digna.
442 2441 527 2503 molo
554 2460 596 2503 ex
622 2447 736 2524 aperto
764 2439 956 2525 glossemate
984 2447 1105 2515 ortum,
1132 2447 1169 2502 ut
1193 2438 1287 2501 Pers.
1302 2437 1368 2504 386

144 2541 232 2621 famo
257 2537 306 2620 A,
339 2543 423 2606 molo
450 2543 544 2629 foma
569 2543 613 2619 P;
646 2543 738 2609 Pocu.
765 2540 829 2606 882
864 2539 963 2624 ,Quid
998 2561 1076 2625 ergo
1108 2537 1251 2617 dubitas,
1287 2541 1368 2627 quin

143 2641 290 2708 lubenter
312 2655 367 2710 tuo
387 2667 442 2709 ero
465 2667 568 2722 meus,
603 2644 690 2731 quod
722 2643 842 2729 possiet
867 2642 1004 2719 Facere,
1038 2643 1138 2707 faciat
1164 2642 1258 2706 male‘
1280 2643 1367 2720 AP;

144 2746 223 2809 mola
243 2768 305 2811 om.
322 2744 491 2832 Goetzius3
515 2750 554 2813 cf.
578 2747 618 2810 de
639 2747 724 2810 Troo.
740 2745 812 2810 306.
837 2746 900 2810 312
923 2744 1075 2810 Schoellii
1094 2747 1195 2833 praef.
1214 2768 1245 2831 p.
1261 2745 1384 2814 xlx:

192 2849 272 2916 Trio.
296 2850 358 2918 502
379 2850 421 2919 P:
444 2851 532 2936 Quin
553 2849 715 2916 fabulare:
741 2849 785 2928 ,di
808 2847 889 2914 bene
911 2857 1035 2913 vortat:
1058 2847 1233 2934 spondeo‘?

378 2954 426 3019 A:
451 2953 538 3038 Quin
558 2953 718 3020 fabulare:
743 2954 808 3031 ,vin
833 2951 913 3018 bene
935 2960 1056 3016 vortat:
1079 2952 1254 3037 spondeo‘?

144 3054 232 3141 quod
261 3055 307 3120 sic
334 3055 577 3123 Studemundus
604 3059 684 3124 Mos.
707 3057 804 3120 Rlen.
832 3054 928 3120 XXI
955 3077 986 3141 p.
1015 3054 1078 3121 609
1105 3053 1230 3119 scribit:
1266 3054 1367 3139 ,Quin

143 3155 306 3225 fabulare:
346 3158 435 3237 ‚vin?
464 3159 545 3225 bene
580 3160 701 3226 vortat!
736 3157 906 3247 spondeol‘
942 3154 1100 3221 Weshalb
1135 3156 1275 3242 sprichst
1307 3157 1364 3224 Du

144 3259 246 3326 nicht:
271 3261 393 3341 ,Willst
414 3262 470 3330 Du
495 3264 540 3329 sie
558 3264 729 3329 wirklich?
751 3261 894 3327 Wohlan
911 3260 1007 3338 deun,
1031 3284 1064 3325 es
1082 3261 1148 3338 sei‘,
1172 3261 1259 3349 quod
1283 3262 1363 3328 mihi

145 3385 209 3428 non
236 3367 395 3451 persuasit
427 3368 477 3433 vir
498 3367 712 3432 doctissimus.
757 3366 801 3443 ,di
828 3365 909 3430 bene
940 3374 1056 3430 vortat‘
1084 3365 1119 3428 iu
1145 3364 1221 3430 ΑΡ
1250 3364 1365 3431 eodem

144 3487 251 3532 errore
272 3469 426 3555 scriptum
449 3479 506 3548 est,
530 3492 593 3559 quo
609 3472 671 3536 573
694 3470 728 3532 in
744 3468 782 3534 B.
803 3470 862 3545 cio,
887 3467 973 3555 quod
991 3467 1020 3530 A
1044 3465 1186 3554 praebet,
1210 3478 1258 3533 est
1275 3490 1366 3534 mera

147 3569 367 3659 dittographia
401 3594 444 3637 ex
477 3571 682 3639 antecedenti
716 3574 789 3658 quin
822 3571 946 3658 nata.¹)
995 3571 1132 3638 aliorum
1162 3571 1366 3637 coniecturas

144 3696 231 3739 nunc
251 3697 313 3740 non
337 3699 423 3744 curo.

193 3778 273 3842 Tria.
296 3779 367 3848 848.
410 3777 509 3864 ,Quin
538 3802 599 3867 ego
629 3801 714 3844 nunc
741 3775 872 3863 subigor
899 3775 995 3841 trium
1021 3799 1225 3843 nummorum
1254 3799 1366 3857 causa,

146 3890 182 3946 ut
204 3880 301 3945 hasce
334 3881 487 3968 epistulas
510 3881 628 3947 Dicam
657 3880 698 3946 ab
729 3902 766 3945 eo
792 3877 921 3944 homine
950 3902 1000 3944 me
1022 3880 1207 3967 accepisse‘.
1252 3902 1367 3945 versus

145 3983 323 4050 restituitur
349 3995 479 4071 recepto
506 3988 657 4071 genetivo
680 4005 844 4049 nummum.
899 3982 933 4044 in
963 3982 989 4046 P
1012 3982 1098 4070 quod
1125 3985 1179 4070 qm‘
1207 3983 1367 4068 scriptum

231 4242 253 4309 ¹)
271 4241 346 4296 Olim
363 4242 487 4312 cogitavi
508 4240 543 4296 de
561 4239 644 4308 „PH.
664 4237 739 4309 Quin
755 4237 882 4293 fabulare
900 4269 932 4275 -
962 4237 1015 4294 ST.
1032 4238 1080 4292 vin
1103 4237 1235 4308 (fabulari
1253 4240 1308 4292 sice
1326 4239 1369 4293 di·

145 4328 230 4396 cere):
257 4328 337 4394 ,bene
354 4330 461 4383 vortat:
488 4323 664 4397 spondeo‘?“.
699 4323 747 4378 sed
764 4340 800 4378 ne
825 4323 855 4377 id
878 4323 991 4392 quidem
1021 4322 1198 4392 simplicitati
1226 4322 1367 4382 sermonis

145 4408 270 4466 Plautini
288 4417 385 4484 aptum
402 4411 472 4466 mihi
491 4411 610 4467 videtur.
