3038 5220
193 422 260 493 Cae.
275 423 308 492 V
322 424 390 501 4,5

233 529 282 591 A:
306 525 393 610 Quid
416 527 487 612 agis
509 525 697 594 dismarite?

232 630 275 694 P:
298 628 386 713 Quid
409 628 480 714 agis
503 639 537 693 tu
560 629 700 696 marite?

194 734 274 799 Tria.
296 731 360 797 309

231 836 274 899 P:
298 833 385 921 squ]
409 835 478 919 ipsc
501 833 644 897 animum
666 833 799 920 pepulit,
821 834 910 909 vivit,
936 834 1039 899 victor
1060 835 1367 902 victorum'cluet

231 940 277 1003 A:
302 936 389 1024 squ]
413 938 482 1021 ipse
498 936 641 1000 animum
658 936 790 1021 pepulit,
815 936 904 1017 vivit,
923 937 1026 1002 victor
1049 939 1250 1004 virtutum
1272 939 1369 1005 cluet.

145 1047 298 1117 virtutum,
322 1041 382 1104 etsi
398 1062 504 1119 errore
520 1038 643 1104 librarii
658 1040 813 1125 seriptum
828 1059 896 1101 esse
919 1050 1035 1123 potest,
1052 1054 1157 1105 tamea
1175 1039 1366 1106 histrionem

146 1144 289 1211 novandi
312 1142 465 1229 cupidum
489 1142 573 1208 olere
596 1141 676 1206 mihi
699 1141 836 1204 videtur.

231 1246 364 1310 Minoris
389 1243 541 1308 momenti
564 1255 639 1309 sunt
954 1301 959 1311 ,
1182 1315 1185 1320 ,
1254 1314 1257 1319 ,

232 1350 341 1413 Pseud.
359 1347 421 1414 893
443 1347 485 1410 P:
516 1346 598 1411 Nam
620 1347 674 1410 hic
696 1366 824 1433 quoque
844 1345 997 1408 scelestus
1015 1357 1062 1408 est
1086 1345 1180 1430 coqui
1197 1345 1368 1424 sublincio.

145 1453 293 1535 sabliapc'o
327 1448 517 1526 Turnebus:
555 1448 595 1510 de
631 1448 665 1511 A
699 1447 739 1511 cf.
773 1445 921 1513 Loewius
954 1447 1047 1514 Aual.
1082 1447 1186 1514 Paua.
1220 1471 1252 1533 p.
1289 1451 1369 1528 17οε

147 1553 384 1639 ,palimpsestus
417 1552 459 1615 ad
486 1550 687 1635 praeclaram
715 1548 798 1613 redit
825 1549 909 1613 hane
940 1549 1150 1635 scripturam:
1184 1562 1226 1613 eet
1254 1557 1371 1638 qaoqui

146 1656 324 1740 eablinpulc.
346 1655 514 1739 sablinqalo
530 1666 637 1716 autem
660 1651 880 1736 ambliupulaa
902 1651 985 1726 sicut
1001 1652 1159 1736 subregulo
1182 1676 1202 1716 a
1221 1655 1367 1741 subrepu-

149 1758 510 1842 lue..aubrc9ulo·autem
537 1753 636 1818 habes
668 1754 701 1817 in
727 1752 847 1817 inedita
874 1751 966 1816 libri
992 1752 1216 1837 glossarum
1243 1757 1366 1841 glossa,

145 1859 233 1924 velut
268 1859 299 1922 in
322 1857 540 1923 Ambrosianu
567 1855 728 1919 Bauius.
758 1855 803 1918 sic
832 1854 965 1918 tradita:
997 1907 1003 1921 .
1029 1907 1037 1922 .
1060 1854 1252 1921 Tetrarcha:
1288 1860 1364 1926 sub-

144 1961 275 2045 regulo‘.
337 1961 393 2024 sed
425 1961 568 2023 sublimio
606 1958 740 2021 fortasse
775 1978 861 2020 mero
901 1978 1007 2020 errore
1041 1980 1060 2020 a
1093 1957 1224 2023 librario
1271 1962 1364 2026 verbi

146 2063 317 2150 sabliapalo
338 2062 453 2147 ignaro
475 2063 631 2146 scriptum
654 2071 711 2125 est.

190 2165 281 2228 Stich.
303 2161 366 2228 306

188 2253 190 2257 ¹
228 2268 276 2331 A:
301 2265 467 2350 Simulque
483 2266 524 2329 ad
541 2288 706 2329 cursuram
721 2261 990 2352 meditabor-[me]
1007 2263 1049 2327 ad
1069 2263 1161 2329 ludos
1178 2266 1364 2355 Olympios.

145 2392 192 2433 me
213 2369 291 2446 AP,
314 2368 433 2432 delevit
455 2367 665 2445 Ritschelius3
692 2367 849 2453 Olympiae
863 2365 902 2444 P,
925 2368 958 2429 in
978 2368 1064 2451 quod
1088 2388 1263 2453 numquam
1285 2371 1367 2438 inei-

145 2471 243 2535 disset
264 2471 508 2557 grammaticum
525 2471 564 2537 cf.
590 2469 656 2535 Cea.
680 2467 731 2536 IV
756 2470 784 2546 1,
809 2469 826 2532 1
850 2490 919 2544 ,nec
943 2469 997 2554 pol
1013 2490 1073 2554 ego
1095 2469 1239 2536 Nemeae
1263 2478 1364 2542 credo

147 2596 249 2658 neque
282 2595 342 2660 ego
376 2573 547 2658 Olympiae
581 2571 697 2657 Neque
730 2593 867 2658 usquam
901 2570 993 2636 ludos
1027 2585 1094 2637 tam
1126 2575 1257 2640 festivas
1281 2579 1365 2660 fieri,

146 2675 252 2758 Quam
274 2675 329 2740 hic
351 2678 436 2740 intus
458 2677 558 2752 liunt‘,
582 2674 673 2739 cuius
696 2674 757 2738 loci
779 2675 915 2737 fortasse
938 2694 1059 2737 memor
1081 2675 1142 2742 suit
1164 2672 1286 2742 liistrio.

189 2781 301 2845 Pseud.
327 2779 385 2844 157
409 2780 458 2842 A:
481 2780 552 2842 face
575 2778 705 2865 plenum
728 2776 866 2842 ahenum
891 2776 933 2839 sit
955 2798 1032 2841 eoco

403 2881 447 2945 P:
470 2883 540 2945 face
563 2881 694 2965 plenum
717 2879 856 2946 ahenum
879 2881 920 2942 sit
942 2879 1016 2943 cito.

145 3006 185 3048 ne
209 2984 269 3048 hoe
291 2984 422 3066 quidem
438 2983 694 3068 grammaticum,
717 2982 778 3045 nisi
794 2983 873 3046 forte
890 3004 1030 3046 errorem
1045 2983 1169 3059 statuis,
1193 2985 1364 3069 scripsisse

146 3087 327 3151 verisimile.
372 3087 483 3150 eodem
508 3108 602 3152 versu
624 3085 725 3150 altera
750 3085 968 3168 discrepantia
995 3085 1078 3147 inter
1100 3084 1187 3149 Aet
1211 3087 1236 3149 P
1259 3100 1365 3155 extat:

402 3188 445 3252 P:
468 3186 519 3253 'Pu
543 3189 599 3274 qui
622 3210 735 3253 urnam
760 3187 869 3263 habes,
893 3208 1011 3272 aquam
1033 3186 1144 3272 ingere

146 3291 186 3354 cf.
210 3290 274 3354 369
297 3290 346 3367 ,In
370 3303 553 3375 pertussum
580 3290 756 3375 ingerimus
781 3288 866 3352 dieta
890 3289 1037 3366 dolium‘3
1070 3290 1102 3352 A
1126 3300 1208 3354 teste
1230 3290 1365 3358 Loewio

144 3392 164 3458 l.
181 3414 207 3459 c.
223 3414 253 3476 p.
272 3392 333 3456 164
348 3415 431 3478 cperc
449 3393 580 3478 praebet
595 3393 728 3470 ,scilieet
744 3415 761 3456 e
776 3406 887 3476 puteo:
903 3393 969 3455 leole
988 3392 1125 3469 Wuerer‘,
1141 3393 1227 3480 quod
1244 3416 1364 3478 nequa-

145 3516 243 3580 quam
265 3517 325 3580 ego
348 3495 480 3580 quidem
503 3496 720 3580 praetulerim.
766 3517 858 3559 versu
881 3494 944 3558 369
966 3495 1204 3579 comprobatur,
1232 3498 1320 3579 quod
1345 3520 1362 3563 e

144 3598 328 3662 coniectura
358 3621 452 3663 versu
477 3599 589 3663 Pseud.
606 3598 667 3662 102
688 3597 865 3663 Salmasius
888 3598 1025 3682 scripsit,
1049 3620 1157 3681 ,quam
1179 3600 1206 3662 si
1221 3599 1358 3665 imbrem

141 3700 175 3763 in
198 3699 338 3766 cribrum
359 3701 527 3786 ingeras‘
551 3724 609 3785 pru
632 3701 856 3765 Palatinarum
875 3722 973 3784 perae.
1017 3701 1103 3784 quod
1128 3703 1159 3763 in
1182 3701 1215 3764 A
1238 3713 1287 3766 est
1312 3704 1357 3779 ,in

63 3886 66 3890 1
144 3801 292 3867 crebrum
316 3802 425 3888 legas‘,
448 3825 513 3866 non
536 3802 985 3886 cumheewiol.c.p.·156
1008 3824 1066 3886 pro
1091 3803 1281 3888 corruptela,
1305 3798 1365 3870 sed

143 3926 203 3991 pro
233 3905 323 3968 varia
358 3905 492 3969 lectione
523 3905 705 3981 habuerim,
739 3927 812 3970 cum
841 3904 985 3982 ,imbrem
1020 3906 1052 3968 in
1084 3905 1225 3971 cribrum
1254 3907 1363 3994 legere

144 4007 386 4093 (aufaammcla)‘
409 4029 539 4093 prorsus
562 4017 638 4092 apte
661 4007 795 4074 dicatur.

230 4107 303 4174 Iam
326 4110 368 4173 ad
391 4109 490 4174 verba
513 4109 687 4194 pergimus.
1296 4168 1299 4173 Δ

130 4253 132 4255 -
227 4211 319 4277 Pom.
334 4211 416 4276 1344
432 4211 472 4274 P:
495 4208 582 4293 Quia
599 4209 709 4299 [enim]
725 4211 820 4274 hasce
838 4212 889 4277 aio
906 4211 1021 4276 liberas
1036 4212 1267 4298 Ingenuasque
1280 4237 1363 4291 asse.

143 4312 251 4388 ,hasce
274 4335 326 4377 mo
348 4311 478 4377 liberas‘
501 4311 547 4389 B,
577 4312 684 4389 ,hasce
707 4313 803 4377 modo
825 4314 952 4379 liberas‘
978 4314 1049 4392 ul),
1077 4315 1164 4400 quod
1191 4317 1296 4382 redire
1319 4319 1363 4383 ad

142 4416 225 4479 haece
248 4419 296 4480 uio
319 4417 427 4479 liberae
450 4414 514 4478 iam
533 4413 738 4481 Camerarius
754 4417 913 4502 cognovit.
929 4416 1047 4504 ,qu[ia]
1064 4418 1121 4482 has
1137 4418 1210 4482 dico
1224 4418 1296 4482 l-‘
1311 4421 1347 4505 A
1352 4447 1362 4501 3
