3038 5220
663 261 705 330 29

162 466 287 554 Quibus
311 469 449 558 quanti
473 479 595 536 mentes
613 472 768 551 maxumi,
791 471 944 539 frumenti
962 472 1070 538 acervi
1092 470 1274 541 suntdomi.

74 571 133 636 sed
156 594 259 660 neque
283 572 336 637 via
359 595 398 637 ac
419 572 542 638 ratione
565 572 649 639 hanc
671 575 889 642 coniecturam
916 576 993 641 feeit
1028 587 1060 641 et
1087 575 1148 642 bac
1171 598 1297 664 compa-

76 676 198 740 ratione
220 675 378 740 montium
406 697 478 740 eum
502 675 626 741 acervis
655 677 807 743 frumenti
836 677 969 742 inducta
996 677 1112 744 mirum
1142 691 1298 767 quantum

76 777 143 841 vim
173 799 212 845 ac
243 777 388 862 vigorem
423 779 599 844 sententiae
633 780 773 866 infregit.
827 781 869 844 cf.
897 779 994 844 etiam
1021 781 1091 844 Mil.
1113 782 1190 867 glor.
1216 781 1298 847 1065

76 880 225 966 ,Argenti
247 892 381 964 montes,
400 902 464 954 non
485 902 609 946 massas
625 881 734 949 habet‘
768 883 858 946 Most.
876 881 939 946 352
971 877 1135 960 ,maeroris
1156 896 1297 949 montem

76 983 277 1052 maximum‘.
1232 1003 1234 1011 ·

165 1085 251 1150 Truc.
273 1085 337 1151 245

118 1188 167 1253 A:
190 1186 256 1271 Qui
278 1188 318 1253 de
340 1187 523 1254 thensauris
546 1186 682 1274 integris
704 1186 834 1255 demum
857 1198 1016 1274 oggerunt

117 1289 163 1357 P:
186 1289 250 1374 Qui
273 1290 314 1356 de
335 1290 518 1357 thensauris
540 1290 675 1376 integris
699 1289 811 1356 demus
834 1290 968 1356 danunt.

159 1392 214 1458 Ex
248 1394 330 1459 mira
359 1393 547 1480 Niemeyeri
579 1392 620 1458 de
642 1392 704 1458 hoc
735 1393 805 1458 loeo
839 1391 1055 1479 disputatione
1083 1392 1145 1458 hoc
1171 1403 1297 1460 tantum

76 1494 175 1562 affero
202 1495 337 1563 verbum
366 1508 510 1582 oggerum
539 1516 609 1561 esse
637 1494 750 1574 ,multo
776 1494 1012 1582 significantius
1045 1513 1146 1583 quam·
1164 1494 1298 1563 verbum

76 1597 185 1676 dandi,
206 1599 240 1663 in
263 1599 350 1686 qnod
372 1609 584 1665 correctorem
606 1597 757 1664 incidisse
786 1619 850 1663 non
874 1598 992 1663 mirum
1014 1596 1083 1676 sit‘3
1119 1598 1212 1686 quasi
1234 1621 1298 1664 non

76 1700 172 1764 etiam
197 1700 325 1769 facilius
353 1713 516 1769 corrector
541 1700 751 1767 Ambrosiani
779 1712 924 1787 oggerum
953 1720 995 1765 ex
1015 1722 1046 1764 v.
1071 1699 1133 1765 103
1155 1701 1297 1788 (oqyervtr)

78 1801 130 1867 rel
145 1803 208 1868 112
222 1806 398 1890 (neaeman
412 1805 446 1871 A
462 1807 633 1891 negaremus
647 1802 690 1890 P)
706 1800 893 1887 depromere
909 1802 1059 1887 potnerit,
1075 1801 1162 1887 quod
1176 1801 1299 1868 indicat

79 1903 283 1984 Scheellius3
311 1907 399 1991 quod
421 1929 498 1972 vero
519 1908 656 1972 formam
687 1905 854 1991 antiquam
881 1904 969 1970 haud
998 1915 1184 1971 cunctanter
1205 1906 1299 1972 inter·

80 2005 215 2094 polatori
247 2009 369 2087 tribuit,
407 2010 468 2076 hoo
496 2009 562 2074 noli
590 2007 700 2073 mirari
732 2007 766 2071 in
799 2006 1012 2092 Niemeyero,
1036 2007 1105 2092 ⁴qui
1133 2029 1176 2072 ex
1212 2009 1297 2073 Truc.

79 2131 131 2173 vv.
155 2109 219 2175 246
252 2122 284 2176 et
317 2111 379 2177 249
413 2110 564 2179 didicisse
598 2134 633 2176 se
666 2110 711 2178 ait
743 2110 790 2198 (p.
812 2109 868 2197 51)
901 2108 1074 2186 Palatinae
1102 2110 1297 2181 recensionis

78 2222 242 2278 auctorem
276 2213 374 2281 etiam
402 2213 546 2280 obsoleta
573 2215 678 2280 forma
699 2235 794 2280 usum
817 2233 902 2295 esse,
936 2222 973 2278 ut
1003 2210 1141 2300 probum
1167 2233 1298 2280 versum

77 2313 227 2380 efficeret.
275 2337 372 2402 porro
410 2316 498 2402 quod
533 2319 637 2382 demus
666 2319 803 2382 formam
837 2315 1063 2403 perantiquam
1102 2316 1158 2402 (cf.
1202 2315 1297 2383 Paul.

76 2439 109 2501 p.
132 2417 221 2505 70‚8)
243 2439 335 2486 casu
362 2419 396 2485 in
419 2422 540 2485 demam
562 2419 679 2485 abiisse
701 2417 881 2496 contendit,
909 2417 1005 2484 facile
1033 2418 1063 2484 ei
1091 2418 1293 2505 largiremur,

76 2520 138 2584 nisi
165 2520 245 2586 haec
272 2523 408 2593 mutatio
441 2523 503 2589 hoo
535 2523 606 2588 loeo
639 2522 708 2588 fieri
737 2521 918 2599 deberet,
952 2530 989 2589 ut
1020 2522 1150 2587 omnino
1184 2543 1295 2590 versus

76 2634 160 2688 stare
192 2625 303 2709 possit.
352 2625 517 2711 graviores
552 2637 658 2691 autem
692 2624 909 2691 dubitationes
954 2635 1124 2694 moverunt
1162 2623 1296 2691 Brixiae

75 2725 306 2793 Fleckeisenus
320 2726 515 2813 Langenus3
542 2727 695 2812 quoniam
709 2728 794 2793 enim
811 2727 882 2793 voci
899 2729 1020 2793 demum
1035 2726 1125 2813 apud
1140 2726 1296 2795 Plautum

76 2828 207 2913 quidem
227 2829 324 2896 unica
338 2829 532 2917 significatio
555 2842 612 2894 erat
627 2829 826 2917 assignanda
849 2841 907 2912 est,
938 2829 1023 2895 hanc
1037 2851 1148 2896 vocem
1166 2830 1295 2896 omnino

76 2930 230 2998 damnant
258 2943 289 2997 et
316 2932 359 2996 ad
392 2932 592 2999 coniecturas
614 2933 822 3020 confugiuntz
845 2932 1075 2999 Fleckeisenus
1103 2934 1295 3001 assentiente

75 3032 231 3120 Langeno
262 3035 423 3121 (Beitrdye
456 3057 488 3121 p.
517 3034 596 3121 305)
623 3035 767 3103 scribens
804 3035 961 3114 ,demunt
983 3035 1126 3115 danunt‘,
1164 3036 1295 3106 Brixius

76 3137 158 3201 donc
187 3137 237 3202 vel
261 3139 384 3224 dempta
412 3137 660 3215 commendans3
688 3160 827 3223 quornm
853 3136 1071 3204 dubitationes
1100 3159 1205 3224 neque
1233 3158 1294 3225 ego

75 3238 270 3326 redarguere
282 3262 414 3326 possum
428 3261 489 3307 nec
504 3240 657 3309 refutavit
672 3238 853 3308 Schoellius
869 3239 970 3306 ascito
985 3241 1099 3306 Bacch.
1117 3264 1148 3306 r.
1165 3240 1229 3305 270
1243 3262 1292 3328 sq.

75 3340 256 3419 ,damnatus
284 3342 415 3411 demum
437 3343 470 3408 vi
492 3355 623 3409 coactus
644 3341 806 3421 reddidit‘,
834 3364 898 3430 quo
919 3342 990 3408 loco
1012 3362 1126 3409 vercor
1147 3353 1183 3410 nt
1205 3329 1293 3426 duic·

76 3466 174 3529 quam
206 3445 328 3531 probet
338 3447 365 3533 1)
418 3456 561 3512 attamen
599 3445 667 3511 sive
699 3445 780 3511 haec
812 3467 877 3511 vox
914 3444 1108 3530 interpolata
1136 3457 1184 3510 est
1222 3445 1291 3513 sive

74 3547 217 3632 genuina
254 3550 373 3636 (neque
412 3549 498 3615 enim
536 3570 597 3636 ego
636 3549 743 3615 locum
780 3546 964 3614 coniectura
1003 3557 1125 3613 tentare
1164 3548 1292 3633 ausim),

74 3650 135 3717 hcc
167 3649 246 3715 mihi
273 3649 405 3736 quidem
432 3661 572 3733 constat,
606 3650 760 3737 quoniam
787 3649 820 3714 in
844 3649 1021 3736 archetypo
1048 3650 1216 3736 utriusque
1247 3672 1293 3717 re·

76 3753 234 3820 censionis
260 3754 360 3821 fuisse
386 3757 490 3821 demur
517 3755 574 3818 vix
601 3752 735 3822 dubium
762 3762 826 3832 est,
858 3774 933 3822 cum
965 3774 1048 3836 eum,
1076 3754 1131 3840 qui
1149 3765 1293 3840 cogeant

73 3857 294 3945 interpolavit,
326 3858 417 3925 metri
438 3858 545 3946 gratia
571 3860 674 3924 demna
701 3857 734 3923 in
766 3859 887 3923 demam
919 3867 1077 3939 mutasse,
1108 3869 1178 3925 tum
1200 3854 1292 3924 verbi

74 3963 192 4025 meust
218 3961 376 4049 originem
408 3960 596 4029 Plautinam
623 3981 662 4027 eo
690 3959 882 4037 confirmari,
916 3959 1004 4044 quod
1033 3959 1126 4025 iuxta
1155 3957 1291 4027 uerbum

74 4073 219 4149 cogeant
239 4063 346 4152 prisca
372 4064 477 4130 forma
511 4065 615 4128 demus
637 4063 760 4129 servari
782 4086 847 4130 non
875 4071 990 4148 potest
1033 4060 1162 4130 videtur
1183 4071 1292 4129 autem

160 4321 181 4387 ¹)
207 4318 376 4375 Baehrensio
401 4318 506 4389 (Flecla
529 4320 595 4374 Ama
624 4321 689 4376 1882
715 4337 742 4390 p.
769 4321 831 4387 tte)
859 4318 916 4388 ,qui
941 4317 977 4372 de
994 4318 1111 4388 integris
1136 4316 1293 4372 thensauris

68 4404 182 4459 denno
209 4408 355 4476 oggernnt‘
381 4404 516 4459 scribenti
543 4405 644 4461 vitiam
664 4405 815 4460 matricum
839 4403 993 4474 subrepsit3
1013 4402 1049 4459 cf.
1070 4402 1164 4458 Luchs
1189 4402 1295 4466 Qrmsrt

73 4498 146 4546 metr.
162 4490 301 4561 (Studem.
317 4492 384 4546 aad.
401 4489 429 4559 I)
447 4507 475 4563 la
493 4493 517 4548 l.
816 4487 818 4492 ’
