3038 5220
732 290 773 373 93

146 513 224 579 mihi
256 513 336 602 quid
370 537 404 579 es
442 515 654 600 facturus‘?¹)
687 515 743 579 sed
777 513 1005 600 interpretibus
1039 539 1164 580 summa
1196 501 1367 581 difficultas

146 628 258 682 exorta
288 630 336 681 est
356 639 452 682 versu
476 617 590 694 altero,
619 618 652 680 in
675 640 738 703 quo
761 641 802 681 ex
826 639 903 681 voce
925 631 1085 704 atramque
1111 629 1220 704 aptam
1243 633 1367 685 senten-

143 720 221 785 tiam
259 719 332 785 elici
366 740 430 782 nou
464 739 556 805 posse
590 719 652 782 viri
689 718 775 783 docti
814 741 915 804 paene
951 743 1016 785 uno
1052 742 1106 785 ore
1143 723 1247 809 questi
1284 735 1367 788 sunt.

144 843 248 905 neque
269 821 442 904 quicquam
465 820 599 904 profecit
621 819 834 905 Niemeyerus
857 844 888 906 p.
914 823 968 903 14,
993 823 1049 909 qui
1071 824 1221 889 idoneam
1243 834 1366 889 senten-

145 924 222 987 tiam
251 923 436 1008 expiscatus
469 944 538 986 esse
567 922 627 987 sibi
656 922 784 987 videtur
817 925 862 988 sic
896 924 1072 990 disserens:
1107 926 1239 1003 ,scilicet
1272 928 1366 993 certis

146 1026 257 1090 amicis
294 1025 409 1090 incerti
436 1024 630 1112 cogitatione
659 1036 878 1109 opponuntur,
912 1048 1049 1109 quorum
1077 1039 1285 1112 utrorumque
1316 1030 1368 1094 de·

144 1129 245 1192 lectus
276 1127 450 1193 suadetur‘.
494 1126 550 1191 sed
581 1126 664 1203 vide,
694 1149 770 1191 num
803 1127 884 1192 haec
917 1129 1146 1194 sententiarum
1184 1133 1368 1197 consecutio

146 1229 211 1294 ullo
241 1229 336 1294 modo
365 1229 466 1316 possit
498 1228 643 1313 probari:
676 1228 785 1306 ,Orth
812 1229 866 1293 Ex
888 1229 997 1294 multis
1025 1232 1136 1296 amicis
1165 1233 1261 1317 pauci
1288 1235 1368 1298 certi

146 1343 230 1399 sunt.
281 1330 443 1398 PSEUD.
471 1331 622 1416 quocirca
656 1343 757 1396 certos
795 1332 915 1397 amicos
947 1333 988 1397 ab
1022 1333 1153 1398 incertis
1187 1335 1367 1422 distinguas

145 1446 242 1521 atque
275 1456 316 1499 ex
342 1433 408 1499 illis
441 1432 550 1498 multis
585 1432 716 1519 (quibus
750 1432 857 1512 verbis
891 1445 995 1500 certos
1024 1447 1055 1500 et
1082 1437 1220 1502 incertos
1246 1439 1367 1503 amicos

147 1536 378 1626 comprehendi
413 1545 664 1602 consentaneum
700 1537 762 1622 est)
795 1559 894 1602 unum
939 1536 1060 1624 eligas.‘
1116 1561 1288 1622 quemnam
1325 1540 1367 1604 ad

149 1641 246 1705 finem
267 1639 468 1706 censebimus
497 1639 673 1703 amicorum
706 1640 739 1702 in
770 1638 851 1706 duas
883 1653 990 1724 partes
1020 1640 1210 1704 divisionem
1238 1642 1367 1707 omnino

148 1743 293 1821 suaderi,
327 1744 355 1807 si
383 1741 483 1806 nihilo
513 1742 610 1806 setius
633 1741 697 1804 iam
719 1741 867 1825 proximo
890 1763 985 1807 versu
1009 1745 1244 1820 exacuetis,
1272 1744 1367 1808 certis

149 1859 180 1912 et
202 1846 346 1923 incertis,
376 1867 475 1910 unum
498 1844 618 1929 eligere
641 1843 810 1909 Calidorus
835 1843 985 1909 iubetur?
1008 1856 1134 1931 poterat
1160 1855 1268 1910 autem
1290 1845 1366 1911 Nie-

147 1971 295 2034 meyerus
318 1949 383 2013 iam
414 1971 456 2012 ex
478 1946 636 2032 Gepperti
659 1949 874 2034 disputatione
901 1948 1026 2012 discere
1053 1959 1185 2033 propter
1207 1959 1366 2035 utrumque

148 2054 294 2117 delectum
318 2074 402 2138 para
424 2050 559 2115 verbum
580 2051 683 2113 multra
706 2050 786 2115 adeo
814 2073 878 2115 non
902 2073 997 2135 posse
1019 2051 1112 2127 ferri,
1141 2063 1177 2115 ut
1205 2055 1366 2116 contraria

151 2177 215 2221 vox
233 2156 343 2242 paucis
364 2154 454 2238 (nam
475 2175 516 2216 ex
539 2153 651 2237 paucis
666 2150 815 2216 fidelibus
830 2175 915 2217 unus
933 2152 1099 2238 eligendus
1116 2155 1197 2239 erat)
1219 2153 1369 2239 ponenda

149 2268 248 2336 esset;
279 2256 336 2322 sed
359 2257 543 2341 Geppertus
565 2254 599 2317 in
622 2276 659 2319 eo
681 2255 782 2320 falsus
806 2267 863 2333 est,
893 2254 979 2343 quod
1001 2256 1103 2319 multis
1126 2256 1236 2334 eiect0,
1264 2260 1368 2321 caricis

145 2374 273 2425 servato
302 2358 410 2424 versui
432 2356 592 2423 medelam
620 2357 776 2422 allaturus
800 2369 880 2440 erat3
910 2381 984 2421 nam
1012 2381 1048 2422 ec
1075 2359 1177 2422 maltis
1200 2360 1300 2423 altera
1322 2381 1368 2425 re·

146 2462 299 2528 censione
332 2460 462 2527 defendi
494 2460 691 2544 Niemeyero
723 2461 887 2543 consentio
921 2482 1026 2546 neque
1059 2472 1125 2525 tam
1158 2462 1253 2526 facile
1288 2461 1366 2526 addi

146 2565 300 2650 potuisse,
324 2586 423 2649 quam
445 2565 549 2626 amicas
571 2584 612 2627 ex
637 2586 666 2626 v,
689 2562 762 2630 390.
784 2576 954 2648 postquam
977 2563 1075 2649 igitur
1091 2562 1278 2648 Niemeyeri
1300 2586 1369 2628 sen-

147 2668 283 2732 tentiam
303 2666 432 2752 logicis,
463 2679 499 2733 ut
520 2665 618 2732 verbo
642 2679 726 2747 utar,
755 2664 932 2731 rationibus
956 2666 1046 2731 ducti
1069 2666 1248 2743 reiecimus,
1263 2666 1369 2731 aliam

152 2771 236 2834 viam
260 2769 322 2856 ipsi
344 2769 573 2854 ingrediemur.
609 2769 725 2833 etenim
748 2791 821 2834 cum
844 2790 949 2855 neque
965 2791 1077 2833 versus
1093 2768 1155 2833 391
1177 2769 1262 2834 iusta
1276 2770 1370 2834 inter·

153 2872 291 2958 pretatio
313 2871 450 2936 inveniri
469 2882 566 2958 queat
582 2882 614 2934 et
631 2893 743 2936 versus
757 2869 820 2935 392
836 2871 957 2935 nullam
972 2871 1058 2935 illius
1074 2872 1228 2935 rationem
1243 2870 1371 2949 habeat,

147 2986 257 3040 contra
279 2997 354 3040 cum
374 2997 405 3038 v.
426 2973 489 3039 399
511 2973 675 3058 aptissime
698 2973 888 3039 coniunctus
916 2973 971 3052 sit,
1000 2973 1148 3057 quidest
1170 2995 1228 3038 cur
1252 2972 1292 3038 de
1313 2973 1369 3037 illo

148 3101 178 3141 v.
201 3077 263 3143 391
293 3077 438 3142 eiciendo
465 3075 675 3141 dubitemus?
702 3097 807 3163 neque
835 3077 919 3141 enim
942 3076 986 3153 ei,
1009 3079 1065 3161 qui
1088 3078 1151 3141 tale
1174 3077 1370 3141 additamen-

147 3195 214 3245 tum
236 3179 520 3266 interpolatoribus
544 3177 684 3244 tribuere
707 3202 770 3243 nou
793 3179 921 3257 audeat,
944 3179 1132 3264 scrupulum
1148 3179 1284 3244 evellere
1306 3201 1370 3243 non

146 3272 277 3368 possum
300 3282 399 3347 altero
420 3282 492 3347 loco
514 3292 564 3345 sat
590 3280 790 3346 memorabili
813 3281 920 3347 allato.
950 3303 1023 3346 cum
1045 3280 1131 3346 enim
1158 3283 1239 3345 Tria.
1256 3281 1295 3345 91
1319 3304 1368 3368 sq.

147 3408 298 3454 versuum

280 3505 363 3573 Sunt
385 3526 464 3592 quos
487 3505 554 3569 scio
578 3525 647 3568 esse
670 3503 801 3581 amicos,
824 3513 899 3568 sunt
922 3524 1003 3590 quos
1025 3505 1181 3587 suspicor,

279 3607 344 3675 Sed
366 3618 402 3673 tu
424 3630 466 3672 ex
486 3606 598 3671 amicis
621 3605 665 3671 mi
688 3626 722 3670 es
745 3607 951 3669 certissumus

153 3729 311 3794 concinna
332 3725 474 3791 brevitas
497 3726 625 3811 loquaci
647 3725 776 3790 cuidam
792 3725 903 3789 lectori
926 3747 990 3788 non
1006 3724 1214 3798 satisfaceret,
1238 3723 1367 3788 tertium

147 3833 174 3896 is
197 3830 378 3895 amicorum
400 3851 503 3916 genus
525 3830 713 3915 excogitans
737 3827 818 3891 haec
841 3827 880 3892 de
902 3850 959 3892 suo
981 3826 1112 3914 ingenio
1136 3824 1278 3889 addidit:

242 3951 326 4017 Sunt
348 3972 485 4037 quorum
508 3947 638 4033 ingenia
661 3959 757 4032 atque
779 3947 902 4011 animos
925 3968 1050 4033 nequeo
1074 3967 1215 4010 noscere.

149 4094 244 4137 versu
283 4069 344 4135 391
390 4070 492 4134 eiecto
535 4067 576 4133 de
621 4089 716 4132 versu
750 4065 813 4130 392
858 4069 1019 4153 integrum
1060 4065 1216 4131 iudicium
1255 4063 1368 4140 datur3

151 4175 206 4262 qui
230 4184 310 4239 teste
333 4173 499 4261 Gepperto
522 4172 615 4258 (aad.
638 4169 677 4234 II
697 4192 729 4254 p.
752 4169 809 4255 59)
831 4170 865 4233 in
886 4171 921 4232 A
942 4168 988 4232 sic
1013 4167 1148 4233 traditus
1172 4176 1237 4232 estr

240 4448 260 4514 ¹)
277 4447 352 4499 Num
370 4447 430 4499 iura
443 4443 624 4510 Niemeyerus
642 4443 707 4510 post
724 4459 751 4494 v.
768 4440 819 4495 386
837 4441 964 4494 lacunam
983 4438 1115 4494 statuerit
1132 4442 1182 4492 aut
1193 4436 1371 4506 Ladswigius

149 4549 175 4585 v.
193 4530 329 4585 scr-386
347 4529 467 4594 eiecerit,
486 4528 567 4581 huius
587 4527 643 4580 loci
661 4530 777 4579 nonest
795 4543 941 4594 exponere.

1187 4624 1220 4678 3*
