3038 5220
729 175 791 241 155

148 380 235 449 aaa
255 380 321 447 457
342 381 431 470 ,quid
455 380 526 458 boc,
548 379 635 465 qnod
657 381 700 445 ad
721 389 754 445 te
775 379 896 460 venio‘3
924 399 999 446 cum
1021 378 1123 443 altero
1153 378 1233 443 Tria.
1249 379 1291 445 97
1314 377 1370 457 ,ltu

147 484 173 550 si
195 484 263 551 alic
283 484 349 551 buc
371 506 469 550 causa
492 484 534 549 ad
556 495 588 549 te
609 483 737 565 adveni,
760 503 897 569 aequom
920 480 1085 565 postulas‘.

232 588 347 653 Pseud.
372 587 454 652 1283
481 586 674 675 Spengelius
701 583 965 671 (Refmscorscll.
988 603 1021 668 p.
1049 583 1123 668 186)
1152 604 1227 647 cum
1255 580 1284 646 P
1310 603 1370 668 per

149 700 343 776 stupemus
365 711 495 755 versum
518 688 565 754 sic
587 687 765 753 dimetitur:

233 791 333 859 Nunc
357 790 401 856 tb
429 813 484 856 ero
510 791 553 855 ad
579 813 670 857 erum
700 812 808 855 meum
836 787 988 853 tutiorem
1018 785 1112 851 venit
1139 785 1254 852 foedus
1282 808 1365 852 com-

965 889 1191 967 memoratum

147 1019 167 1061 a
193 1019 261 1085 quo
287 997 322 1062 A
351 996 472 1082 duplici
500 996 594 1061 modo
624 997 784 1073 dissentit3
817 993 915 1059 babet
948 993 1033 1058 enim
1067 993 1291 1079 comprobatum
1324 1005 1366 1071 et,

148 1097 237 1182 quod
258 1110 367 1164 umen
390 1120 454 1162 non
470 1119 601 1183 prorsus
623 1108 747 1163 certum
770 1108 827 1175 est,
843 1099 960 1160 adem.
1004 1096 1113 1179 itaque
1128 1093 1162 1160 A
1176 1116 1240 1160 non
1263 1104 1368 1180 potest

146 1222 212 1266 non
234 1200 340 1266 redire
364 1200 408 1266 sd
431 1223 558 1266 versum
581 1200 779 1266 trochaicum
803 1200 904 1265 hunc:
934 1198 1041 1275 ,Nunc
1064 1197 1105 1263 ab
1128 1219 1184 1262 ero
1212 1196 1254 1262 ad
1277 1218 1367 1262 erum

145 1303 256 1368 merim
277 1304 432 1369 maiorem
455 1303 571 1368 adveni
594 1303 708 1368 foedus
731 1301 995 1389 cdmprobatum‘.
1047 1323 1125 1387 prae
1154 1323 1218 1388 quo
1250 1299 1368 1364 Palati·

148 1426 265 1472 norum
299 1428 410 1472 versus
444 1406 581 1493 insignis
615 1418 663 1470 est
696 1405 795 1470 verbo
823 1416 1094 1482 commemoratam,
1117 1403 1204 1491 quod
1237 1402 1369 1490 propria

148 1508 279 1573 notione
310 1512 358 1573 ius
387 1508 571 1576 Gedocbtmi
605 1509 804 1594 mutabufen
836 1506 1000 1595 aptissime
1036 1506 1158 1573 dictum
1191 1514 1254 1583 est,
1294 1527 1368 1568 cum

152 1613 378 1699 aoaupmbatm
407 1633 425 1676 e
447 1612 606 1676 sententia
628 1632 710 1698 quae
735 1609 919 1695 postulatur
941 1608 1088 1687 excidat3
1117 1607 1233 1673 deinde
1254 1607 1290 1671 in
1312 1608 1366 1670 ad-

148 1717 216 1778 veni
235 1713 358 1800 duplex
382 1726 430 1779 est
444 1714 594 1779 offensio:
613 1736 717 1801 neque
734 1713 819 1777 enim
835 1724 961 1798 tempus
977 1714 1154 1797 perfectum
1169 1710 1247 1775 ferri
1261 1718 1369 1796 potest

149 1837 211 1881 nec
230 1815 339 1903 placet
360 1838 493 1881 caesura
514 1816 659 1902 legitima
678 1813 806 1880 sublata
829 1814 1065 1901 praepositione
1087 1816 1139 1878 od.
1184 1813 1246 1878 hoc
1267 1811 1367 1899 igitur

149 1919 221 1984 loco
258 1916 497 1984 Ambrosianus
524 1917 658 1983 dubium
695 1939 758 1981 non
794 1928 843 1981 est
873 1917 950 2002 quin
979 1916 1152 1981 subditicio
1186 1938 1245 2002 pro
1272 1913 1368 1980 Plau-

149 2021 225 2086 tinis
252 2021 412 2100 venditet3
445 2020 501 2086 sed
536 2023 591 2084 vix
619 2021 738 2108 poteris
765 2018 922 2084 hocloco
953 2019 999 2084 uti
1029 2019 1072 2082 ad
1098 2040 1228 2084 manum
1251 2027 1366 2104 poetae

150 2122 264 2188 ceteris
290 2121 370 2187 locis
397 2121 637 2203 restituendam,
673 2121 735 2186 nisi
768 2120 854 2206 quod
883 2121 1039 2185 Palatinis
1068 2122 1101 2185 iu
1137 2144 1169 2185 v.
1202 2121 1283 2188 Tria.
1305 2120 1368 2186 448

150 2225 331 2311 paullulum
365 2223 500 2290 subsidii
537 2225 648 2292 oritur.
704 2223 760 2288 sed
793 2245 833 2288 ne
873 2224 949 2308 quid
987 2223 1085 2300 desit,
1123 2223 1210 2312 quod
1246 2223 1282 2287 in
1318 2223 1368 2287 his

151 2327 310 2413 angustiis
332 2328 465 2413 planum
488 2327 642 2391 iudicium
666 2325 837 2390 obscurare
852 2327 963 2412 possit,
979 2326 1112 2403 ⁸accedit
1135 2350 1164 2395 v.
1182 2328 1278 2413 Epid.
1293 2326 1367 2401 620,

149 2429 207 2496 ubi
228 2429 261 2494 iu
277 2429 413 2495 lectione
436 2430 531 2518 ,[Sed
545 2430 617 2513 quis
639 2430 717 2492 baec
739 2440 788 2493 est
802 2429 992 2495 muliercula
1014 2440 1045 2493 et
1067 2429 1121 2494 ille
1134 2429 1365 2517 gravastellus]

150 2533 219 2623 qui
252 2532 370 2598 venit‘
398 2531 477 2610 ΑΡ,
511 2531 636 2615 Festus,
662 2531 758 2596 Pauli
791 2555 822 2617 p.
850 2531 913 2597 273
946 2532 1135 2612 concinunt,
1173 2532 1259 2597 idem
1287 2553 1365 2596 vero

148 2635 268 2701 Festus
289 2633 385 2700 Pauli
408 2658 439 2722 p.
461 2634 504 2698 96
525 2638 579 2721 qui
600 2637 721 2699 advenit
743 2632 883 2703 exhibet.
891 2637 918 2720 ¹)

235 2736 353 2824 Itaque
374 2735 435 2801 bac
457 2735 490 2800 in
511 2759 546 2801 re
568 2759 633 2801 non
654 2736 810 2822 probatur
832 2738 1047 2805 Studemundi
1076 2738 1231 2804 iudicium
1259 2737 1299 2802 de
1322 2758 1367 2801 re-

148 2838 339 2905 censionum
361 2840 555 2917 constantia,
583 2839 640 2904 sed
662 2862 740 2904 sane
763 2840 861 2904 talem
884 2842 1099 2907 constantiam
1127 2842 1197 2906 iure
1220 2851 1368 2926 expects-

146 2963 267 3018 remus,
289 2941 374 3006 siad
389 2952 535 3008 auctores
551 2942 639 3030 ipsos
657 2943 878 3009 recensionum
895 2943 1094 3010 differentiae
1111 2943 1267 3021 redirent3
1290 2965 1363 3008 cum

149 3067 228 3110 vero
249 3067 375 3110 summa
397 3044 429 3108 in
452 3058 589 3133 utraque
611 3046 825 3111 inconstantia
848 3045 1052 3124 observetur,
1081 3068 1187 3111 nonne
1210 3068 1267 3111 eae
1290 3066 1366 3129 quo·

149 3169 213 3232 que
236 3146 436 3212 differentiae
465 3169 505 3212 ex
533 3147 673 3212 histricia
701 3148 941 3235 exemplaribus
970 3150 1135 3215 derivatae
1167 3170 1236 3215 esse
1259 3147 1367 3212 viden·

150 3249 262 3338 turi¹)
284 3249 402 3315 similia
417 3251 501 3314 enim
518 3249 675 3335 exempla,
700 3250 817 3337 quibus
834 3261 907 3339 post
922 3251 1084 3338 syllabam
1103 3251 1207 3317 autin
1223 3250 1367 3316 vocalem

219 3441 239 3506 ¹)
256 3437 416 3493 Dolendum
439 3440 483 3492 est
513 3437 588 3506 quod
613 3439 726 3493 initium
748 3457 844 3494 versus
867 3439 948 3508 Epic
966 3440 1016 3494 bll
1041 3439 1071 3492 in
1089 3441 1116 3492 A
1134 3439 1192 3509 legi
1208 3438 1321 3508 nequit3
1344 3437 1368 3493 P

150 3523 225 3577 enim
247 3521 382 3577 exhibent
403 3524 514 3578 uenienti
535 3539 598 3575 cum
619 3525 703 3578 metri
726 3525 840 3590 lacuna;
868 3523 1043 3578 Camerarius
1066 3525 1219 3591 advenienti
1238 3522 1368 3589 coniecit,

150 3607 225 3677 quod
241 3622 340 3662 verum
357 3624 417 3662 ease
429 3606 548 3661 videtur.
584 3607 704 3677 deniqne
720 3609 836 3677 nequid
859 3608 1016 3678 neglexisse
1033 3609 1137 3677 videar,
1155 3608 1206 3663 has
1223 3608 1310 3663 affero
1327 3607 1369 3661 di·

148 3692 297 3746 vanitates
309 3693 478 3761 scripturae:
497 3692 578 3747 Stich.
596 3693 646 3748 237
664 3695 685 3747 it
694 3692 727 3760 P,
745 3693 859 3760 vestitit,
878 3693 912 3747 of.
930 3710 994 3763 pag.
1008 3694 1064 3748 153.
1084 3692 1182 3748 Pseud.
1196 3693 1245 3748 737
1263 3694 1368 3747 advenit

149 3776 186 3842 Δ,
204 3777 279 3830 adest
296 3775 321 3830 P
339 3794 374 3831 ex
390 3778 560 3832 recensione.

235 3879 257 3945 ¹)
276 3877 407 3932 Ceterum
424 3896 481 3933 non
496 3880 589 3933 nescio
607 3880 693 3934 etiam
710 3896 786 3933 mero
810 3879 990 3935 librariorum
1008 3897 1102 3936 errore
1119 3880 1235 3936 eandem
1252 3881 1368 3935 diversi·

149 3965 237 4019 tatem
255 3963 286 4018 in
307 3963 451 4019 codicibus
474 3981 622 4034 apparere,
646 3964 695 4020 sed
719 3964 769 4018 vix
792 3965 852 4021 sine
867 3967 1017 4036 perspicua
1038 3982 1127 4020 causa.
1162 3966 1223 4020 Aul.
1238 3965 1289 4022 752
1307 3966 1368 4032 ,tibi

149 4045 225 4101 ultro
244 4047 431 4116 supplicatum
454 4049 544 4103 venio‘
562 4048 691 4114 BDEJ,
713 4050 823 4104 advenio
844 4051 887 4104 cd.
904 4052 992 4121 princ
1016 4067 1051 4106 ex
1068 4068 1093 4105 v.
1113 4051 1162 4106 739
1185 4054 1303 4116 ,oratum
1320 4051 1369 4107 ad·

150 4132 249 4187 venio‘.
284 4132 319 4187 de
337 4133 479 4202 praesenti
497 4137 623 4203 tempore
645 4152 702 4188 non
726 4152 785 4189 esse
806 4153 869 4191 oum
887 4135 1003 4190 Goetzio
1025 4135 1211 4189 dubitandum
1233 4151 1267 4188 ex
1290 4136 1368 4202 locis,

151 4231 220 4284 quos
238 4216 349 4286 collegi,
367 4217 555 4288 intellegetur.
585 4219 679 4288 Amph.
697 4220 748 4275 532
768 4237 841 4283 ,nam
859 4237 916 4288 qua
932 4224 1015 4274 nocte
1032 4219 1068 4273 ad
1085 4236 1130 4274 me
1147 4219 1257 4274 venisti‘
1274 4219 1368 4286 BDJ,

151 4300 290 4373 advenisti
307 4300 332 4354 lt
350 4304 466 4369 propter
481 4303 647 4356 antecedens
665 4305 702 4357 ud
720 4322 773 4371 ms,
797 4308 829 4358 ut
846 4306 929 4359 Mero.
947 4307 998 4360 259
1016 4304 1060 4369 ,ad
1076 4321 1176 4358 navem
1194 4304 1325 4362 advehor*
1345 4303 1367 4363 P

150 4404 201 4458 pro
221 4387 338 4441 desetor.
358 4393 480 4443 ceterum
498 4388 575 4446 vides
594 4389 740 4444 librarium
757 4405 880 4445 errorem
897 4390 992 4447 statim
1010 4390 1170 4450 correxisse.
