3038 5220
733 214 775 280 43

148 420 231 484 tioni
254 431 396 504 praestat
417 419 640 484 Palatinarum
662 420 832 499 memoria,
860 419 996 507 probata
1017 420 1073 485 illa
1096 443 1136 485 ex
1159 420 1244 485 omni
1268 432 1370 506 parte,

149 522 211 586 nisi
239 521 326 606 quod
353 544 445 608 usque
472 522 505 586 in
533 545 571 587 ea
601 523 708 602 deest,
741 524 829 611 quod
860 533 963 588 metro
994 524 1176 611 postulante
1205 545 1245 588 ex
1268 524 1300 586 A
1324 545 1370 589 re·

151 624 336 711 cipiendum
359 638 416 693 est.

234 729 326 793 Stich.
351 728 391 793 73

191 833 239 896 A:
262 831 543 916 Neqequidem
561 831 631 918 is1)
642 832 979 917 facturaneq.teut
990 831 1090 896 iacias
1103 832 1271 895 consilium
1283 829 1368 897 dabo

188 936 233 1002 P:
258 935 374 1018 Neque
392 957 468 1020 ego
486 937 502 998 s
506 946 646 1000 actura
662 959 743 1000 sum
760 957 865 1021 neque
877 945 916 1000 tu
928 945 964 998 ut
978 934 1079 998 facias
1092 933 1261 998 consilium
1273 933 1367 998 dabo.

233 1037 429 1101 Ritschelius
459 1059 597 1121 eumque
624 1049 754 1103 secutus
776 1038 931 1104 Goetzius
961 1061 1002 1101 ex
1025 1047 1162 1120 utraque
1185 1036 1370 1101 recensione

147 1162 277 1205 versum

190 1241 307 1328 Neque
331 1262 404 1326 ego
425 1241 464 1306 id
487 1265 569 1306 sum
591 1242 717 1307 factdra
739 1264 843 1329 neque
867 1255 902 1307 tu
925 1254 959 1306 ut
982 1243 1083 1307 facias
1101 1243 1269 1306 consilium
1286 1242 1369 1307 dabo

147 1355 410 1431 composuerunt,
443 1366 614 1430 perperam
648 1359 682 1409 ut
716 1344 845 1432 opin0r3
880 1344 936 1429 qui
969 1345 995 1408 si
1029 1343 1062 1407 in
1094 1345 1366 1430 comparationem

147 1457 318 1512 vocassent
348 1471 380 1512 v.
408 1446 465 1524 82,
491 1446 547 1512 ubi
574 1447 608 1512 in
636 1447 798 1512 simillima
825 1448 983 1512 sententia
1013 1446 1126 1512 eadem
1156 1447 1303 1512 codicum
1325 1449 1369 1512 di·

147 1551 282 1615 versitas
306 1559 408 1615 extat:

189 1652 236 1716 A:
260 1652 406 1717 Faciant.
451 1652 529 1740 quid
551 1652 629 1716 mihi
652 1663 747 1738 opust
770 1653 905 1717 decurso
927 1654 1045 1718 aetatis
1068 1654 1171 1737 spatio
1194 1675 1267 1717 cum
1290 1652 1369 1717 meis

255 1755 377 1822 Gerere
401 1755 530 1839 bellum,
553 1777 651 1843 quom
667 1756 723 1833 nil,
746 1756 986 1843 quamobrem
1010 1755 1048 1819 id
1064 1756 1192 1832 faciam,
1215 1755 1369 1820 meruisse

1165 1857 1318 1941 arbitror:

145 1960 190 2024 P:
227 1983 335 2044 ‚quam
361 1960 402 2025 ob
427 1983 507 2024 rem
532 1960 701 2037 faciam‘,
730 1960 825 2025 facilc
854 1961 1079 2045 cognovissent
1107 1982 1219 2025 vocem
1244 1962 1279 2024 id
1305 1981 1369 2024 non

149 2086 228 2128 casu
251 2065 283 2126 in
306 2063 336 2127 P
358 2064 517 2127 excidisse
524 2088 533 2140 ;
555 2063 803 2149 grammaticum
821 2076 928 2128 autem
945 2086 1016 2127 eam
1032 2064 1176 2128 consulto
1195 2065 1369 2129 removisse

147 2168 203 2230 vix
226 2189 264 2230 ac
286 2188 326 2230 ne
350 2164 405 2230 vix
429 2166 560 2253 quidem
583 2165 669 2230 credi
693 2177 806 2251 potest,
838 2188 911 2232 cum
939 2189 977 2231 ea
1005 2166 1121 2232 vocula
1147 2167 1181 2231 in
1203 2166 1237 2230 A
1259 2167 1369 2232 addita

147 2269 319 2353 magistelli
348 2269 517 2334 cuiusdam
540 2291 671 2357 operam
699 2291 776 2334 sane
806 2269 908 2346 oleat3
943 2270 1100 2333 sententia
1130 2269 1214 2334 enim
1238 2270 1368 2335 minime

145 2371 329 2456 requiritur.
379 2370 593 2456 Niemeyerns
616 2394 647 2457 p.
666 2371 704 2435 17
727 2370 939 2436 Ritschelium
967 2372 1097 2455 quidem
1125 2372 1251 2449 laudat,
1280 2371 1367 2459 quod

146 2497 199 2560 eqo
219 2497 259 2538 ex
277 2474 306 2539 P
328 2474 494 2562 receperit,
519 2475 575 2538 sed
599 2487 634 2538 ut
650 2473 859 2539 Ambrosiani
884 2496 1013 2561 quoque
1037 2475 1215 2562 scripturas
1237 2496 1367 2560 operam

146 2600 238 2643 suam
262 2588 449 2663 praestaret,
473 2577 671 2662 excogitavit
692 2578 779 2641 hunc
802 2577 922 2642 bellum
947 2578 1158 2642 versiculum:

192 2679 308 2764 Neque
321 2681 471 2766 equidem
484 2703 544 2766 ego
559 2680 592 2743 id
604 2681 739 2758 factdra,
755 2701 860 2768 neque
876 2696 910 2744 tu
926 2692 961 2747 ut
977 2682 1077 2746 ficies
1094 2682 1262 2747 consilir'un
1275 2679 1368 2745 dabo.

145 2783 281 2846 miratur
311 2784 410 2865 enim,
443 2782 516 2867 quis
544 2784 697 2868 equidem,
727 2783 760 2846 in
790 2805 854 2870 quo
882 2784 970 2848 nuda
997 2783 1249 2848 demonstrativa
1282 2782 1369 2847 notio

144 2885 239 2962 insit,
274 2885 322 2950 illi
354 2886 536 2971 pronomini
569 2908 623 2971 eqo
652 2885 860 2950 substituerit.
907 2896 1048 2949 attamen
1078 2896 1203 2950 constat
1232 2886 1370 2970 equidem

148 2987 235 3072 apud
258 2997 381 3052 veteres
410 2987 638 3071 grammaticos
667 3010 744 3052 sane
773 3011 837 3052 non
866 3009 976 3052 omnes
998 2988 1082 3052 idem
1106 2987 1247 3053 valuisse
1269 2998 1367 3076 atque

145 3113 199 3175 eqo
221 3092 359 3176 quidem:
381 3090 433 3155 cui
456 3090 553 3154 errori
577 3101 741 3156 auctorem
764 3113 891 3177 quoque
913 3090 1148 3155 Ambrosianus
1170 3090 1365 3156 recensionis

146 3191 318 3256 indulsisse
341 3213 398 3255 cur
420 3195 599 3277 negemus?
643 3215 685 3255 an
707 3191 922 3279 Niemeyerus
949 3194 1033 3258 hanc
1063 3216 1175 3260 vocem
1205 3205 1271 3258 tam
1294 3215 1368 3256 roro

147 3316 208 3359 usu
230 3294 357 3360 venisse
379 3306 482 3382 putat,
506 3306 539 3360 ut
561 3295 602 3359 ab
617 3295 845 3380 interpolatore
861 3297 937 3361 addi
955 3321 1020 3362 non
1035 3298 1196 3385 potuerit?
1226 3318 1266 3360 ne
1284 3318 1367 3361 com-

145 3419 319 3461 memorem
341 3399 454 3464 Bacch.
479 3422 508 3462 v.
532 3398 610 3475 974,
638 3398 695 3463 ubi
718 3399 850 3476 dudum,
880 3412 915 3464 ut
938 3400 1115 3486 elegantior
1144 3399 1237 3470 metri
1265 3399 1368 3463 forma

146 3500 273 3577 evadat,
298 3503 434 3586 equidem
456 3500 595 3566 deletum
619 3513 675 3580 est,
700 3502 818 3566 sufficit
839 3501 938 3567 citare
962 3524 1091 3566 versum
1114 3503 1199 3566 Pera
1215 3501 1288 3580 639,
1313 3503 1368 3568 ubi

150 3624 221 3666 cum
237 3601 272 3667 A
288 3614 377 3688 atque
399 3651 557 3668 .......
582 3616 618 3678 et,
640 3604 673 3667 id
698 3616 745 3667 est
768 3616 857 3690 atque
872 3627 918 3668 me
934 3608 1060 3680 miseret,
1084 3605 1113 3669 P
1127 3616 1216 3691 atque
1231 3607 1368 3690 equidem

150 3708 266 3769 miseret
289 3704 474 3790 praebeant,
498 3718 554 3771 aut
569 3706 779 3771 Ambrosiani
801 3705 945 3770 recensio
963 3719 1018 3770 aut
1035 3705 1258 3771 Palatinorum
1273 3707 1367 3771 inter-

146 3807 265 3892 polatio
288 3809 458 3873 statuenda
480 3819 539 3874 est.
583 3809 641 3874 scd
663 3809 759 3874 totius
782 3808 1007 3896 disputationis
1030 3810 1128 3874 cardo
1151 3809 1246 3873 inea
1269 3831 1364 3893 quae·

145 3911 248 3974 stione
275 3910 425 3989 vertitur,
461 3924 568 3976 utrum
603 3911 737 3976 verbum
768 3911 1005 3976 substantivum
1033 3936 1100 3976 sum
1127 3913 1231 3977 omitti
1267 3913 1368 3999 possit

146 4035 258 4077 necne.
302 4024 335 4077 at
357 4012 552 4100 Niemeyero
576 4015 735 4101 persuasit
756 4013 941 4101 Ussingius,
965 4017 1020 4100 qui
1049 4016 1091 4081 ad
1114 4016 1226 4102 Amph.
1249 4039 1280 4080 v.
1303 4015 1368 4082 590

146 4125 178 4179 et
199 4115 240 4179 56
270 4138 421 4201 magnam
450 4139 527 4181 sane
560 4112 782 4204 exemplorum
811 4118 943 4194 molem,
973 4117 1030 4183 sed
1060 4138 1130 4182 eam
1157 4116 1364 4203 indigestam,

146 4217 285 4303 collegit,
307 4218 451 4284 minime·
467 4220 501 4283 id
524 4241 657 4297 curans,
684 4220 771 4303 quod
794 4230 868 4284 ante
891 4219 998 4288 omnia
1025 4219 1257 4288 absolvendum
1284 4230 1363 4302 erat,

233 4440 253 4510 ¹)
269 4438 304 4493 In
322 4456 377 4510 qno
395 4439 481 4496 latere
499 4440 528 4492 id
545 4441 674 4512 apertum
692 4443 742 4496 est.
769 4480 775 4494 .
