3038 5220
201 1407 204 1412 ’
234 1351 273 1464 P
275 1403 469 1468 lautiuarum
501 1402 685 1468 fabularum
714 1403 894 1467 emendatio
922 1425 994 1468 cum
1022 1404 1104 1467 inter
1131 1404 1366 1487 spinosissimas

146 1507 223 1570 artis
254 1518 381 1570 nostrae
415 1506 598 1593 provincias
628 1506 697 1569 iure
728 1506 929 1570 existimetur
956 1518 987 1570 et
1015 1506 1055 1570 ob
1081 1506 1277 1592 singularem
1306 1529 1367 1570 ser-

145 1609 250 1673 monis
273 1608 415 1674 Plautini
444 1608 584 1673 indolem
615 1619 646 1671 et
668 1615 800 1692 propter
814 1608 976 1674 ⁹librorum
998 1609 1054 1692 qui
1077 1609 1172 1672 hodie
1196 1620 1367 1694 supersunt

146 1712 367 1776 condicionem
390 1711 552 1789 miseram,
576 1711 631 1795 qui
654 1711 779 1776 nullum
794 1734 858 1775 non
874 1713 1017 1797 perpessi
1034 1713 1098 1775 sint
1114 1712 1366 1796 corruptelarum

146 1836 260 1899 genus,
283 1828 391 1878 tamen
414 1814 463 1877 his
487 1813 635 1878 omnibus
658 1814 1025 1898 maiores-difficultates
1042 1802 1230 1878 oboriuntur
1251 1814 1290 1891 ei,
1313 1815 1368 1896 qui

147 1917 322 2002 genuinam
350 1916 534 1980 fabularum
555 1917 691 1980 formam
714 1915 1037 2001 reciperarevstudet,
1060 1916 1146 1993 inde,
1169 1915 1255 1999 quod
1283 1938 1368 1981 nunc

147 2018 278 2101 quidem
301 2017 459 2081 neminem
487 2020 599 2104 fugere
627 2029 731 2104 potest
761 2019 857 2082 etiarn
879 2005 1034 2083 librorum
1056 2028 1236 2082 nostrorum
1259 2018 1368 2082 arche·

146 2132 242 2208 typos
273 2121 353 2185 adeo
376 2143 438 2184 non
466 2121 571 2208 ipsam
599 2132 712 2206 poetae
735 2144 865 2185 manum
888 2120 1195 2206 repraesentavisse,
1229 2133 1263 2185 ut
1285 2131 1367 2197 totas

147 2223 275 2288 fabulas
304 2213 494 2288 exhiberent
517 2222 593 2286 data
621 2245 718 2307 opera
741 2247 760 2287 a
781 2221 1013 2287 correctoribus
1037 2232 1236 2285 retractatas.
1277 2223 1367 2286 cuius

148 2326 383 2391 retractationis
406 2326 467 2402 vel,
489 2334 525 2389 ut
547 2326 666 2390 usitato
689 2325 816 2389 nornine
840 2336 921 2403 utar,
944 2325 1138 2389 recensionis
1161 2325 1227 2388 duo
1248 2347 1368 2410 genera

146 2441 240 2494 sunt:
273 2453 410 2515 quorum
439 2430 573 2494 alterum
602 2430 782 2494 continetur
810 2428 844 2491 in
866 2450 904 2492 ea
925 2426 1109 2493 fabularum
1132 2427 1365 2509 retractatione,

146 2554 211 2616 qua
241 2555 260 2596 a
283 2533 420 2596 dominis
444 2554 582 2619 gregum
611 2531 644 2595 in
672 2555 830 2596 novarum
859 2531 1022 2594 actionum
1046 2553 1139 2594 usum
1155 2530 1229 2593 totis
1245 2531 1369 2593 scaenis

149 2634 201 2698 vel
224 2657 414 2699 scaenarum
437 2634 598 2719 partibus,
626 2635 738 2718 quales
760 2655 779 2695 a
800 2632 917 2696 Plauto
944 2634 1105 2719 profectae
1129 2642 1235 2709 erant,
1252 2653 1369 2694 ¹novae

148 2748 204 2801 aut
227 2737 419 2802 substitutae
436 2748 510 2825 sunt
532 2738 585 2816 ita,
608 2747 644 2801 ut
660 2728 771 2801 Plauti
794 2757 905 2799 versus
929 2735 1077 2818 perirent,
1102 2748 1156 2797 aut
1179 2733 1370 2818 adscriptae,

150 2851 186 2903 ut
209 2839 315 2902 Plauti
336 2862 448 2904 versus
471 2841 562 2904 iuxta
585 2862 655 2917 eos,
683 2840 739 2923 qui
766 2837 808 2901 ad
837 2837 963 2901 illorum
993 2837 1235 2900 similitudinem
1257 2847 1369 2920 postea

149 2940 394 3026 effingebantur,
418 2952 555 3006 aetatem
568 2943 697 3006 ferrent.
742 2939 775 3005 id
798 2961 874 3002 vero
890 2939 1008 3003 scimus
1032 2939 1219 3022 plerumque
1236 2938 1269 3001 in
1293 2960 1369 3002 eum

148 3044 244 3106 finem
258 3045 380 3107 factum
403 3065 480 3125 esse,
505 3055 540 3108 ut
562 3043 751 3108 aPlautinis
774 3041 947 3106 comoediis
964 3041 1143 3127 robiginem
1167 3040 1369 3124 antiquitatis

149 3144 368 3231 detergerent,
402 3157 458 3208 aut
485 3166 525 3207 ne
553 3145 723 3209 verborum
752 3166 900 3208 rerumve
928 3146 961 3208 in
992 3166 1108 3207 scaena
1132 3153 1296 3229 gestarum
1317 3143 1371 3208 ob-

149 3246 334 3324 scaenitate,
356 3246 485 3330 qualem
501 3246 637 3311 Plautus
660 3268 724 3310 non
747 3248 870 3325 vitavit,
896 3269 988 3311 aures
1005 3246 1152 3328 oculique
1169 3244 1369 3310 audientium

149 3349 401 3427 offenderentur,
431 3359 486 3413 aut
514 3349 663 3432 denique,
694 3360 728 3413 ut
749 3349 874 3412 scaenis
897 3349 1028 3413 resectis
1050 3347 1185 3411 fabulae·
1200 3346 1371 3411 Plautinae

149 3451 182 3516 iu
205 3451 335 3516 brevius
358 3451 636 3529 contraherentur;
671 3474 734 3534 quo
761 3453 847 3516 facto
876 3452 902 3515 si
930 3451 985 3534 qui
1013 3451 1120 3514 hiatus
1143 3450 1371 3514 sententiarum

148 3553 391 3620 continuitatem
420 3553 711 3639 interrumpebant,
740 3553 779 3618 de
808 3576 865 3618 suo
892 3553 1022 3640 ingenio
1050 3553 1274 3640 supplementa
1298 3553 1369 3618 sub-

150 3656 313 3720 diderunt.
364 3655 399 3719 in
437 3677 501 3738 qua
538 3677 646 3720 rerum
680 3655 866 3720 condicione
899 3667 935 3720 ut
968 3679 1043 3721 vere
1075 3656 1228 3721 Plautina
1260 3655 1372 3719 dister-

141 3759 351 3822 minarentur
367 3757 477 3835 abiis,
499 3780 582 3841 quae
604 3758 645 3822 ab
661 3758 732 3822 aliis
753 3759 855 3842 poetis
877 3758 1154 3842 qualibuscunque
1170 3759 1204 3822 in
1219 3757 1372 3822 Plautum

150 3862 279 3926 invecta
303 3870 386 3940 sunt,
410 3859 569 3945 insignem
592 3882 723 3944 operam
747 3861 950 3926 contulerunt
973 3862 1034 3926 viri
1056 3862 1096 3926 de
1112 3861 1230 3926 Plauto
1252 3861 1372 3947 optime

149 3962 256 4028 meriti
279 3962 444 4045 multaque
467 3964 562 4026 certis
585 3973 641 4026 aut
664 3963 821 4027 -sicuti
843 3965 878 4029 in
900 3965 968 4029 eius
986 3964 1078 4028 modi
1094 3962 1372 4047 disquisitionibus

152 4087 212 4132 usu
235 4065 322 4130 venit
343 4101 385 4112 -
408 4063 629 4150 probabilibus
652 4064 949 4130 ratiocinationibus
972 4065 1215 4151 expediverunt.
1266 4086 1285 4127 a
1308 4085 1374 4146 qua

151 4167 316 4233 diversum
345 4177 392 4232 est
420 4167 556 4232 alterum
586 4167 780 4232 recensionis
808 4182 910 4253 genus
938 4167 1183 4252 grammaticae,
1221 4186 1304 4248 quae
1332 4163 1374 4227 ad

150 4270 336 4337 fabulamm
365 4270 584 4335 oeconomiam
607 4292 671 4334 non
694 4270 844 4355 pertinet,
878 4271 990 4335 sedin
1018 4269 1152 4354 singulis
1182 4266 1288 4331 verbis
1322 4266 1373 4330 vel

151 4372 299 4441 versibus
321 4373 483 4438 mutandis
507 4383 654 4436 versatur
677 4394 778 4457 eoque
801 4371 946 4456 inprimis
971 4370 1102 4434 consilio
1118 4392 1141 4454 a
1153 4368 1374 4456 grammaticis

151 4477 300 4541 instituta
327 4488 391 4553 est,
427 4487 461 4540 ut
495 4475 638 4561 linguam
673 4486 703 4538 et
738 4496 850 4540 versus
884 4473 1052 4538 recentiori
1086 4470 1310 4552 consuetudini
1344 4483 1375 4536 ct

1206 4592 1223 4649 1
