3038 5220
852 39 887 97 fn

149 420 324 495 exhibeant
363 430 512 516 ,Culpam
547 454 673 496 omnem
706 435 754 496 in·
774 434 847 497 med
879 420 1046 518 inponito‘‚
1078 418 1125 497 illi
1159 418 1369 497 eruditionem

150 533 306 598 iactames
328 537 488 620 impinpito
511 539 541 599 in
565 537 708 600 codicem
724 536 927 621 Lipsiensem
951 547 982 600 et
1005 536 1177 599 editionem
1192 534 1370 621 principem

147 632 350 704 intulerunt-

190 738 263 803 Mil.
285 739 361 824 plor.
384 738 448 804 209

232 840 279 905 A:
304 840 390 908 Ecce
414 853 521 906 autom
547 842 713 907 aedificat:
739 843 920 907 columnam
943 852 1049 905 mento
1071 841 1193 924 suffigit
1216 864 1283 909 suo.
1358 866 1360 871 ·

146 944 278 1029 affulsit
305 943 344 1022 P,
377 946 464 1028 quod
495 945 536 1008 ad
569 947 700 1031 suffulcit
731 956 818 1009 recte
853 943 1067 1027 Niemeyerus
1098 966 1127 1027 p.
1155 944 1198 1008 40
1231 944 1370 1009 reduxit.

145 1055 243 1129 atque
256 1047 409 1132 mffnlsire
423 1047 557 1132 imagini
572 1067 613 1109 ex
629 1046 843 1110 architectura
859 1045 1048 1131 desumptae
1071 1047 1362 1112 accommodatissi-

150 1169 237 1212 mam
270 1169 342 1213 esse
370 1171 483 1213 vocem
514 1150 607 1213 docet
636 1151 730 1235 Epid.
755 1152 796 1215 83
817 1170 879 1232 sq.:
915 1147 1050 1224 ,Tantae
1078 1149 1111 1211 in
1133 1158 1163 1212 tc
1191 1149 1369 1233 inpendent

145 1250 270 1314 ruinae.
314 1250 375 1313 nisi
397 1251 541 1315 suffulcis
563 1252 696 1315 firmiter
720 1251 794 1315 Non
818 1261 909 1335 potes
936 1249 1127 1314 subsistere:
1151 1251 1260 1335 itaque
1283 1252 1315 1314 in
1339 1261 1370 1316 te

146 1342 277 1416 inruont
290 1364 416 1420 montes
437 1354 535 1417 mali‘.
565 1354 657 1417 alteri
679 1364 786 1417 autem
802 1353 980 1436 scripturae
996 1353 1191 1436 favet.quod
1209 1354 1369 1439 Apuleius

146 1453 257 1521 Plauti
268 1454 412 1519 imitator
421 1457 494 1519 Met.
508 1455 545 1520 X
559 1457 597 1519 17
616 1455 734 1531 ,cubito
746 1456 863 1520 suffixo
875 1459 1035 1541 (mensam
1048 1456 1264 1541 accumbere)‘
1280 1455 1368 1520 dicit.

192 1557 284 1621 Sticd.
309 1556 373 1622 237
1159 1619 1164 1634 ,

232 1660 280 1724 A:
304 1658 415 1723 Adibo
447 1658 488 1725 ad
527 1659 698 1723 hominem.
725 1660 734 1745 l
768 1660 840 1746 quis
875 1659 954 1722 haec
987 1668 1050 1736 est,
1089 1682 1172 1746 quae
1199 1659 1279 1724 mihi
1314 1661 1367 1722 ad-

964 1783 1095 1825 vorsum
1119 1763 1228 1827 venit?

231 1864 277 1929 P:
300 1862 411 1928 Adibo
434 1865 475 1927 ad
506 1864 677 1930 hominem.
700 1865 709 1949 l
730 1865 803 1948 quis
835 1864 915 1927 haec
943 1875 1006 1940 est,
1036 1886 1120 1948 quae
1148 1865 1321 1930 advorsum
1348 1865 1373 1928 it

963 1965 1068 2033 mihi?

150 2067 304 2133 Goetzius
330 2067 578 2133 Fleckeisenum
605 2079 734 2132 secutus
761 2067 969 2131 Ambrosiani
1000 2089 1128 2132 versum
1155 2068 1203 2131 ita
1231 2068 1372 2132 redinte-

149 2171 268 2254 gravit:
287 2171 407 2249 ‚Adibo
424 2171 466 2236 ad
480 2171 652 2235 hominem.
664 2172 673 2256 l
685 2171 757 2257 quis
769 2171 851 2234 haec
874 2182 930 2245 est,
948 2191 1030 2255 quae
1048 2170 1219 2235 advorsum
1234 2171 1372 2242 venit‘l‘3

150 2284 179 2337 et
211 2273 258 2338 sic
282 2274 422 2338 voluisse
456 2286 619 2337 auctorem
653 2272 848 2337 recensionis
881 2272 1116 2336 Ambrosianus
1150 2295 1211 2358 ego
1244 2296 1372 2359 quoque

149 2376 254 2440 eredo.
297 2377 402 2463 potuit
425 2387 532 2440 autem
562 2375 629 2438 fieri
661 2375 781 2439 utiam
810 2376 843 2438 in
867 2375 1043 2460 archetypo
1072 2376 1240 2459 utriusque
1263 2397 1371 2439 recen-

151 2478 248 2543 sionis
271 2480 435 2543 communi
457 2479 533 2541 midi
557 2478 785 2564 interpolatum
808 2477 917 2554 fuerit,
941 2478 1025 2541 unde
1056 2500 1166 2541 ansam
1191 2477 1372 2561 corrigendi

151 2581 274 2664 ceperit
289 2576 460 2645 Palatinae
484 2580 678 2644 recensionis
695 2589 815 2642 auctor.
850 2578 907 2642 sed
930 2580 1066 2641 fortasse
1083 2577 1241 2662 Seyfferto
1260 2579 1370 2640 Plu'tol

148 2680 281 2747 XXIX
306 2705 338 2768 p.
362 2682 426 2747 412
452 2682 697 2746 adsentiendum
722 2692 786 2758 est,
821 2682 875 2765 qui
903 2681 1069 2744 Palatinos
1098 2703 1177 2765 pure
1208 2679 1372 2764 probavit3

149 2785 224 2848 mitt
244 2785 330 2848 enim
353 2786 386 2848 in
410 2786 441 2849 A
465 2806 482 2848 e
505 2782 628 2849 librarii
650 2784 782 2867 ingenio
804 2783 915 2846 inferri
939 2784 1052 2866 potuit.

147 2916 150 2922 ·
232 2885 359 2951 Merum
382 2885 505 2949 librarii
530 2905 668 2948 errorem
691 2883 822 2949 subesse
846 2885 1037 2950 crediderim

190 2990 301 3053 Pseud.
324 2988 389 3055 593

234 3093 278 3154 A:
301 3090 408 3156 Lubet
432 3090 524 3165 scire,
548 3089 625 3175 quid
648 3088 700 3151 hic
723 3090 846 3153 venerit
868 3111 941 3153 cum
965 3090 1137 3154 machaera

228 3193 273 3259 P:
298 3192 404 3258 Lubet
427 3195 521 3269 scire,
546 3195 624 3279 quid
647 3194 700 3258 hic
723 3191 799 3255 velit
820 3214 893 3257 cum
918 3193 1101 3256 machaera.

148 3315 220 3358 nam
243 3295 303 3359 etsi
325 3296 394 3357 velit
408 3317 473 3358 non
495 3294 599 3358 minus
624 3306 737 3380 aptum
760 3308 807 3358 est
836 3317 934 3378 quam
957 3299 1066 3359 oenerd
1081 3333 1123 3381 ‘7
1140 3297 1180 3359 cf.
1195 3297 1288 3367 Poen.
1306 3295 1369 3360 992

149 3395 224 3470 ,Adi
257 3408 356 3483 atque
388 3396 533 3480 appella,
568 3397 646 3483 quid
681 3397 772 3473 velit,
806 3397 884 3484 quid
920 3398 1051 3487 venerit‘
1076 3436 1117 3446 -
1140 3411 1249 3463 tamen
1277 3398 1372 3482 quale

150 3509 285 3562 metrum
307 3499 504 3562 formaturus
525 3498 623 3562 fuerit
645 3512 807 3564 corrector
831 3500 1019 3585 intellegere
1044 3523 1107 3564 non
1130 3523 1275 3586 possum.

154 3595 351 3669 sVerbis
374 3601 458 3664 iuter
474 3623 507 3664 se
531 3601 663 3664 mutatis
679 3602 803 3666 subicio
827 3624 880 3665 eas
897 3601 1103 3680 differentias,
1127 3601 1243 3690 quibus
1269 3604 1370 3667 altera

147 3704 290 3768 recensio
314 3704 449 3769 verbum
472 3704 619 3789 simplex,
644 3704 744 3767 altera
775 3707 989 3789 compositum
1019 3705 1152 3792 praebet
1176 3706 1227 3769 vel
1250 3705 1371 3791 quibus

147 3805 275 3871 diversa
303 3807 447 3871 eiusdem
479 3807 570 3871 verbi
594 3806 748 3889 simplicis
779 3807 955 3890 composita
984 3808 1017 3869 in
1040 3806 1206 3871 codicibus
1240 3811 1373 3873 circum-

145 3910 305 3989 feruntur,
342 3908 452 3994 quales
487 3907 683 3973 differentias
717 3931 779 3972 non
811 3909 943 3995 ignarus
973 3932 1043 3974 sum
1071 3932 1091 3972 a
1118 3910 1308 3994 magistellis
1337 3921 1369 3973 et

146 4009 286 4075 librariis
323 4032 388 4073 non
421 4008 533 4095 paucis
569 4010 647 4074 locis
682 4011 842 4093 profectas
874 4021 905 4074 et
931 4013 974 4075 ad
1001 4033 1055 4076 eos
1089 4011 1210 4098 ubique
1239 3994 1273 4077 a¹
1291 4012 1368 4075 viris

145 4112 247 4176 doctis
277 4112 393 4175 relatas
429 4134 515 4188 esse3
550 4112 605 4175 sed
640 4134 751 4176 earum
778 4136 930 4177 numerus
959 4124 1026 4178 tam
1053 4116 1206 4200 frequens
1235 4129 1300 4196 est,
1335 4121 1372 4178 ut

145 4227 231 4279 recte
266 4215 508 4279 Studemundus
542 4237 582 4277 ex
616 4214 746 4278 diversa
780 4217 965 4280 recensione
1000 4237 1055 4280 eas
1091 4216 1303 4292 derivarent,
1342 4228 1374 4280 et

145 4337 256 4380 earum
280 4317 426 4380 condicio
450 4340 490 4379 ex
513 4327 604 4401 parte
627 4316 759 4402 quidem
781 4329 848 4381 tam
870 4319 966 4395 mira,
999 4330 1034 4384 ut
1057 4341 1119 4383 non
1143 4319 1245 4403 possit
1268 4318 1396 4404 expli·

145 4417 212 4481 cari
235 4438 277 4481 ex
300 4429 468 4483 auctorum
491 4419 685 4483 recensionis
708 4419 856 4496 audacia,
879 4422 935 4485 sed
959 4420 1001 4485 ad
1025 4422 1171 4487 histricos
1194 4423 1298 4486 fontes
1321 4443 1372 4486 re·
