3038 5220
738 258 797 322 107

665 347 866 358 —u—

158 464 227 528 ride
249 464 343 530 inira.
388 463 430 527 ad
453 463 556 528 Stichi
587 474 693 529 autem
717 485 866 529 scaenam
889 462 1027 550 primam
1048 474 1217 528 revertens
1245 463 1376 529 adnota-

158 567 256 630 verim
288 565 349 629 hoe
390 567 511 651 ipsum,
542 566 628 652 quod
657 568 689 630 in
713 566 742 630 P
769 566 919 644 alterum,
948 567 982 630 in
1005 567 1033 629 A
1057 577 1229 654 utrumque
1257 588 1374 631 nomen

152 669 320 758 proprium
341 668 459 732 salsum
482 668 634 747 traditur,
658 668 909 733 luculentissime
941 667 1160 732 demonstrare
1188 669 1374 753 primariam

154 772 255 837 fuisse
277 770 313 836 in
333 771 519 856 archetypis
536 770 693 836 Plautinis
708 770 928 835 characterum
946 768 1223 854 significationem,
1248 770 1378 834 novicia

150 884 183 938 at
206 896 229 939 a
252 872 486 938 correctoribus
516 874 645 938 demum
674 872 766 935 varia
794 873 827 935 in
850 894 888 936 eo
910 873 1040 935 fortuna
1066 871 1132 935 usis
1167 871 1279 935 addita
1307 892 1377 935 essa

148 975 284 1042 nomina
306 975 449 1061 propria

239 1078 305 1145 Sed
327 1079 360 1141 in
383 1076 455 1163 ipsa
476 1077 577 1142 Sticho
599 1077 788 1142 correctoris
805 1075 1015 1141 Ambrosiani
1036 1084 1073 1139 ut
1095 1072 1231 1139 audacia
1260 1076 1306 1139 ita
1329 1076 1376 1139 in·

148 1180 334 1246 constantia
346 1179 496 1244 miranda
511 1194 575 1244 est:
598 1203 673 1243 nam
690 1201 772 1265 quae
794 1180 864 1265 ipse
886 1181 1055 1244 invenerat
1077 1199 1222 1243 sororum
1246 1166 1376 1244 nomina

148 1305 217 1348 non
240 1304 299 1368 per
321 1294 421 1346 totam
443 1280 603 1359 fabulam,
627 1282 713 1368 quod
736 1284 975 1368 expectaveris,
1004 1282 1147 1359 induxit,
1177 1282 1235 1345 sed
1256 1281 1374 1345 iamin

150 1406 274 1450 scaena
309 1385 325 1448 1
355 1386 375 1448 2
402 1385 560 1471 neglexit;
595 1387 646 1449 cui
681 1408 754 1451 cum
790 1387 968 1473 antiquitus
1000 1384 1257 1470 superscriptum
1292 1393 1377 1449 esset

146 1510 279 1572 ,senoxr
308 1488 468 1552 mulieres‘
499 1488 551 1552 rel
571 1510 696 1565 ,senex:
728 1490 878 1553 mulieres
901 1489 1006 1565 duae‘,
1034 1511 1092 1573 pro
1122 1496 1242 1564 ,seuex‘
1266 1498 1377 1551 auctor

145 1590 208 1656 ille
229 1589 454 1673 Ambrosiani,
478 1602 514 1656 ut
541 1591 636 1669 solet,
666 1592 831 1678 ,Antipho‘
861 1591 1041 1668 substituit,
1071 1590 1241 1654 mulierum
1269 1602 1376 1654 autem

146 1694 286 1759 nomina
307 1714 382 1758 cum
409 1716 450 1757 ne
479 1694 514 1756 in
537 1695 597 1758 hac
626 1693 756 1781 quidem
786 1717 902 1759 scaena
931 1693 1106 1769 inveniret,
1135 1692 1307 1770 ,mulieres‘
1330 1715 1375 1756 re·

146 1796 251 1862 tinuit
273 1795 386 1860 eodem
409 1795 568 1880 exemplo,
591 1817 654 1882 quo
680 1796 770 1861 Stich.
793 1795 826 1862 V
847 1796 869 1859 4
891 1796 1044 1874 ,tibicina‘
1076 1798 1198 1881 (errore
1220 1796 1376 1880 scriptum

151 1920 217 1986 pro
240 1897 412 1982 ,tibicen‘)‚
441 1896 494 1962 eui
520 1899 622 1984 κωφῷ
644 1897 811 1984 προσώπῳ
839 1921 954 1962 nomen
979 1922 1042 1964 non
1071 1910 1154 1975 erat,
1183 1920 1221 1962 ea
1249 1909 1375 1963 tantum

148 2001 197 2065 de
218 2022 317 2064 causa
338 2011 497 2064 remotum
528 2021 589 2064 non
619 2011 680 2083 est3
716 2012 747 2064 ct
769 2022 808 2063 ne
837 1999 914 2083 quid
938 2001 1035 2078 desit,
1064 2001 1150 2084 quod
1179 2001 1246 2064 eius
1269 2000 1375 2085 negle-

148 2105 296 2188 gentiam
314 2104 517 2167 manifestam
535 2102 670 2166 reddere
687 2103 797 2187 possit,
815 2124 951 2168 scaenae
964 2104 1001 2167 II
1017 2104 1037 2167 2
1055 2115 1142 2167 recte
1155 2103 1373 2189 Panegyridis

147 2227 268 2270 nomen
291 2227 309 2270 e
332 2230 362 2274 v.
383 2207 443 2272 331
469 2207 604 2293 petitum
627 2207 862 2290 superscripsit.
887 2223 990 2289 'quae
1018 2215 1185 2290 praeterea
1218 2205 1282 2269 huc
1305 2227 1374 2292 per-

149 2308 256 2373 tinent
282 2309 372 2372 casui
399 2310 534 2372 fortasse
559 2309 730 2372 tribuenda
753 2318 835 2375 sunt.
879 2308 912 2370 in
942 2309 1021 2372 Tria
1041 2308 1129 2373 1V2
1153 2308 1373 2395 sycophantae

149 2432 265 2476 verum
287 2433 403 2474 nomen
426 2412 593 2488 reticetur3
616 2433 691 2475 nam
708 2411 794 2498 quod
811 2434 841 2473 v.
860 2410 922 2476 889
946 2410 1039 2487 ‚Pax‘
1059 2433 1173 2475 nomen
1197 2410 1258 2475 sibi
1282 2412 1373 2488 indit,

153 2534 260 2578 merae
282 2535 389 2598 nugae
410 2525 493 2578 sunt.
537 2515 570 2577 in
593 2513 621 2576 P
643 2535 779 2577 scaenae
801 2524 888 2577 recte
916 2514 1168 2600 superscriptum
1199 2525 1246 2577 est
1275 2535 1375 2599 ‚syco-

150 2617 286 2703 phania,
310 2627 429 2682 senex‘.
474 2617 505 2678 in
529 2617 630 2681 altera
652 2616 838 2681 recensione
862 2639 919 2703 pro
949 2626 1068 2692 ,senex‘
1097 2615 1305 2680 substitutum
1329 2627 1377 2680 est

151 2718 378 2801 ,Obarmides‘‚
402 2719 621 2804 sycophantae
645 2730 763 2795 autem,
787 2719 878 2782 ouius
895 2740 1012 2782 nomen
1034 2718 1256 2803 ignorabatur,
1280 2720 1375 2803 signi-

150 2822 259 2886 ficatio
270 2843 402 2906 prorsus
416 2822 535 2886 omissa
546 2833 603 2886 est.
650 2821 760 2885 eadem
782 2844 889 2885 rerum
907 2820 1053 2884 condicio
1070 2831 1159 2884 extat
1170 2822 1264 2906 opta.
1279 2820 1331 2889 IV
1346 2822 1374 2899 1,

149 2924 271 3010 quain
295 2946 413 2990 scaena
436 2946 509 2990 cum
532 2924 686 3009 Philippa
717 2936 749 2988 et
771 2923 972 3008 Periphanes
995 2923 1182 3009 loquantur,
1215 2923 1375 3009 genuinus

148 3027 265 3092 titulus
287 3028 350 3092 fuit
373 3027 498 3104 ,mulier
520 3038 640 3093 senex‘.
686 3029 777 3092 ouius
801 3027 940 3113 priorem
964 3036 1088 3091 tantum
1111 3036 1237 3111 partem
1259 3026 1288 3091 P
1311 3049 1377 3091 ser-

148 3127 280 3196 varunt
296 3130 331 3194 in
351 3130 415 3194 fine
443 3129 665 3214 praecedentis
693 3151 852 3206 scaenae,
883 3138 1003 3205 ,senex‘
1032 3151 1109 3194 casu
1140 3130 1295 3193 omissum
1317 3140 1375 3206 est,

149 3256 225 3298 cum
252 3232 321 3297 eius
351 3232 442 3297 verbi
472 3232 606 3298 consilio
634 3233 764 3296 delendi
792 3231 882 3296 nulla
916 3231 1095 3317 excogitari
1130 3231 1231 3316 possit
1265 3253 1374 3296 causa.

148 3335 239 3421 quod
261 3357 324 3400 non
347 3335 461 3400 eadem
478 3336 670 3400 confidentia
688 3335 907 3400 contenderim
927 3333 967 3397 de
978 3332 1187 3397 Ambrosiani
1205 3334 1375 3420 scriptura,

147 3440 181 3502 in
208 3459 281 3523 quo
315 3438 401 3524 quod
433 3438 513 3502 nihil
546 3438 608 3501 nisi
643 3437 864 3526 ‚Periphanes‘
898 3437 1010 3522 (idque
1041 3458 1103 3499 uon
1139 3435 1242 3522 prima
1276 3459 1376 3502 manu

148 3541 321 3628 scriptum)
348 3540 479 3627 legitur,
513 3541 587 3605 inde
614 3543 752 3605 fortasse
782 3539 993 3626 repetendum
1017 3552 1081 3615 est,
1115 3539 1202 3622 quod
1231 3539 1374 3604 mulieris

149 3665 267 3708 nomen
294 3641 327 3706 in
357 3642 409 3710 IV
437 3645 451 3707 l
475 3665 635 3730 nusquam
658 3643 787 3728 legitur,
810 3642 922 3704 sedin
946 3641 977 3706 V
998 3643 1014 3703 1
1038 3663 1133 3705 versu
1157 3640 1220 3707 636
1244 3642 1374 3706 demum

148 3756 429 3812 commemoratur.
908 3767 910 3771 ’
954 3808 959 3820 ,

237 3848 350 3934 Atque
371 3849 452 3912 haee
475 3847 607 3931 quidem
630 3847 670 3911 de
692 3843 918 3910 Ambrosiano
965 3846 1004 3909 de
1026 3845 1248 3910 Palatiuorum
1270 3848 1373 3912 titulis

149 3952 257 4016 minus
288 3963 373 4016 recte
405 3951 513 4015 retulit
544 3949 745 4034 Spengelius.
799 3970 936 4032 quorum
964 3948 1116 4011 memoria
1144 3952 1204 4012 etsi
1235 3948 1374 4014 dubitari

150 4052 264 4143 nequit
292 4054 372 4138 quin
394 4076 436 4118 ex
466 4052 639 4116 vetustiore
669 4069 813 4136 tempore
842 4049 1018 4135 repetenda
1041 4050 1093 4128 sit,
1123 4060 1233 4116 tamen
1263 4053 1373 4116 ineos

149 4155 278 4239 novicia
289 4153 485 4220 inscribendi
499 4153 580 4216 ratio
593 4152 720 4240 saepius
734 4152 877 4237 inrepsit,
888 4174 985 4234 quam
999 4153 1191 4239 Spengelius
1205 4154 1363 4218 indicavit

149 4280 233 4343 quae
256 4279 329 4324 oum
350 4257 382 4321 in
406 4258 440 4320 A
462 4255 596 4320 consilio
619 4255 877 4320 constantissime
901 4255 1029 4318 invecta
1052 4255 1105 4334 sit,
1127 4255 1208 4319 inP
1231 4256 1372 4343 ipsorum

149 4358 353 4424 librariorum
367 4356 588 4443 neglegentiae
607 4357 783 4420 maximam
804 4367 930 4444 partem
941 4380 1013 4421 eam
1031 4357 1141 4423 deberi
1162 4358 1375 4422 certissimum

149 4472 211 4528 est:
241 4483 380 4550 namque
403 4461 463 4525 etsi
486 4459 539 4524 hic
561 4460 626 4524 illic
649 4480 759 4523 omnes
782 4459 877 4525 huius
898 4459 1041 4524 familiae
1068 4458 1141 4524 libri
1171 4462 1213 4523 in*
1232 4460 1375 4546 appella-
