3038 5220
892 224 935 287 40

306 428 535 514 gratissimum
571 451 645 494 vero
680 440 743 506 est,
788 428 875 513 quod
908 451 971 493 non
1007 428 1109 493 solum
1143 450 1160 492 e
1190 451 1219 492 v.
1246 426 1309 492 451
1347 427 1382 492 in
1414 450 1452 493 v.
1489 459 1493 467 ι

307 528 406 595 verba
429 531 586 596 translata
608 541 695 613 sunt,
719 531 774 595 sed
797 530 935 595 invicem
959 553 976 595 e
1000 553 1028 597 v.
1044 530 1107 594 433
1129 530 1161 594 in
1184 553 1215 593 v.
1236 528 1311 608 451,
1335 528 1441 596 cuius
1464 529 1488 595 h

305 633 460 698 memoria
483 642 546 698 est:

391 735 441 801 A:
465 734 588 801 Sintne
611 734 666 798 illa
689 755 780 798 vera
803 755 903 799 necne
928 756 1011 818 quae
1035 733 1092 799 tibi
1115 733 1308 800 renuntiant

391 836 435 902 P:
456 836 528 904 Sint
550 837 605 901 illa
626 858 751 902 necne
774 836 866 913 sint,
890 858 972 921 quae
995 835 1052 900 tibi
1076 836 1268 901 renuntiant.

310 939 443 1004 verbum
467 963 536 1004 vera
557 962 598 1005 ex
621 939 684 1004 433
708 938 936 1027 interpolatum
956 950 988 1004 et
1008 942 1066 1003 aiot
1083 939 1220 1004 eiectum
1237 939 1314 1023 quia
1332 938 1377 1004 ad
1396 938 1514 1006 eunde

307 1049 549 1106 retractatorem
583 1041 750 1106 referenda
788 1062 858 1104 esse
885 1055 1034 1128 apparet,
1075 1040 1129 1128 qui
1159 1062 1272 1105 versus
1300 1040 1368 1106 433
1401 1039 1476 1107 alte
1502 1073 1503 1076 ¹

307 1143 442 1209 formam
466 1144 641 1222 constituit,
664 1154 786 1208 tantum
809 1164 872 1207 non
896 1154 1018 1208 certum
1035 1154 1093 1220 est,
1117 1165 1189 1208 eum
1213 1143 1312 1208 etiam
1335 1166 1464 1211 versus
1490 1158 1519 1203 :3

305 1267 422 1310 novam
444 1246 580 1311 formam
603 1246 763 1311 editurum
784 1245 884 1311 fuisse
905 1245 970 1310 tale
993 1246 1071 1331 quid
1094 1245 1256 1311 molitum:

391 1347 503 1414 Sintne
525 1349 582 1413 llla
603 1370 690 1424 vera,
714 1348 798 1432 quae
819 1348 878 1414 tibi
900 1347 1087 1414 renuntiant

307 1451 376 1516 sive

393 1553 508 1620 Sintne
532 1552 588 1617 illa
611 1576 687 1619 vera
708 1574 810 1619 necne
832 1574 917 1637 quae
938 1553 1133 1618 renuntiant.

260 1705 264 1713 ι
307 1667 344 1721 ut
376 1655 464 1721 illam
497 1656 604 1743 potius
631 1656 672 1720 ad
701 1668 863 1721 auctorem
890 1656 1085 1722 recensionis
1118 1654 1269 1736 referam,
1304 1675 1343 1719 eo
1380 1655 1515 1721 addua

308 1759 393 1848 quod
406 1781 480 1824 cum
492 1761 551 1822 aiut
562 1757 727 1837 deleverit,
743 1759 896 1846 proclivis
912 1770 961 1823 est
978 1760 1171 1835 coniectura,
1189 1780 1262 1822 eum
1277 1756 1381 1822 etiam
1400 1780 1483 1824 ver·
1501 1791 1505 1814 ι

308 1883 404 1940 necne,
427 1882 448 1925 ιι
470 1882 534 1948 quo
557 1862 616 1925 aiut
638 1859 835 1948 dependeat,
864 1873 920 1926 aut
942 1883 1129 1950 expungere
1150 1860 1291 1924 voluisse
1314 1869 1439 1927 autre
1465 1884 1510 1929 ve

309 1963 520 2049 expunxisse,
553 1963 587 2027 id
610 1964 695 2052 quod
717 1964 812 2029 facile
835 1964 876 2029 ab
904 1986 959 2041 eo,
994 1964 1050 2049 qui
1079 1963 1222 2029 codicem
1250 1971 1317 2027 tum
1349 1961 1515 2028 descrit

308 2067 436 2153 neglegi
471 2066 584 2153 potuit.
640 2077 710 2131 utut
743 2089 794 2131 res
828 2065 995 2146 sehabet,
1029 2066 1070 2130 de
1097 2064 1283 2130 recensione
1315 2064 1350 2128 in
1387 2065 1425 2130 A
1457 2067 1517 2132 faa

311 2168 451 2234 dubitari
483 2191 547 2233 non
574 2191 669 2254 posse
695 2192 724 2236 v.
751 2167 815 2234 433
843 2169 983 2244 docet.¹)
1032 2167 1133 2232 nihilo
1166 2167 1265 2232 setius
1297 2166 1397 2232 initio
1425 2190 1502 2235 ve

309 2272 370 2336 viri
394 2271 479 2336 docti
501 2293 574 2336 curn
597 2271 631 2337 A
653 2271 850 2358 scripserunt
872 2275 1000 2336 sintne
1020 2273 1076 2334 itta
1097 2292 1186 2335 otene
1207 2273 1266 2334 sint
1287 2279 1403 2353 spreta
1418 2269 1478 2337 Pa
1500 2305 1501 2311 ι

309 2396 421 2438 ιιοιιιιιι
445 2374 605 2458 scriptura
627 2377 701 2437 tint
723 2376 779 2437 illa
799 2396 888 2438 neena
907 2376 981 2451 sint3
1004 2384 1037 2437 at
1059 2372 1140 2436 haec
1154 2371 1341 2459 recipienda
1364 2382 1431 2452 est,
1457 2397 1519 2461 qu.

311 2476 433 2540 ratione
456 2485 586 2539 totum
610 2496 738 2539 versum
762 2475 848 2540 exP
872 2475 1053 2559 exprimere
1068 2474 1226 2552 iubemur,
1253 2483 1437 2561 postquam
1463 2477 1500 2543 in

239 2595 244 2603 ·
312 2578 530 2642 recensionem
554 2576 734 2654 statuimus,
763 2600 802 2642 ne
827 2578 904 2663 quid
928 2578 1033 2643 dicam
1060 2576 1100 2642 de
1123 2577 1243 2642 rariore
1271 2576 1513 2665 interrogatio

263 2750 266 2756 ,
309 2680 412 2746 forma
434 2680 467 2744 iu
491 2679 674 2756 Ptradita,
704 2701 800 2763 quam
828 2702 848 2743 a
869 2681 1081 2765 grammatico
1109 2680 1271 2744 invectam
1298 2699 1372 2745 esse
1395 2683 1478 2747 veri
1510 2714 1519 2741 ι

310 2781 570 2846 dissimillimum.
605 2781 757 2845 discimus
780 2792 887 2846 autern
911 2803 953 2847 ex
974 2781 1035 2846 hcc
1058 2782 1129 2847 loco
1151 2791 1314 2846 auctorem
1334 2786 1513 2852 recensio

309 2883 540 2971 grammaticae
563 2906 627 2947 non
643 2883 747 2949 obiter
767 2883 894 2948 fabulas
910 2883 987 2950 dum
1009 2883 1131 2969 legeret
1146 2884 1333 2961 correxisse,
1360 2886 1425 2951 sed
1447 2889 1506 2955 eti

310 3007 423 3050 versus
457 3007 662 3071 comparasse
698 2997 729 3051 et
765 2985 846 3051 alios
884 3008 995 3052 versus
1029 2985 1070 3050 ad
1103 2986 1239 3051 aliorum
1273 2988 1517 3057 emendatione

313 3087 508 3155 adhibuisse.

355 3189 447 3256 Stich
470 3189 534 3254 393

395 3294 439 3357 A:
473 3291 613 3360 Vidistin
654 3292 759 3356 virum
792 3292 909 3356 sororis
941 3290 1217 3379 Pamphilum?
1246 3294 1254 3379 ll
1281 3293 1385 3361 Non.
1417 3297 1428 3384 ΙΙ
1458 3298 1514 3366 Νι

1073 3393 1188 3459 adest?

401 3495 444 3560 P:
469 3493 610 3561 Vidistin
639 3495 744 3559 virum
772 3493 888 3559 sororis
916 3494 1262 3585 Pamphilippum?
1301 3497 1395 3563 Non
1430 3502 1514 3569 ades

310 3609 419 3661 notum
458 3607 507 3662 est
545 3589 757 3663 Ritschelium
795 3596 856 3662 hoc
889 3597 1035 3685 inprimis
1072 3619 1168 3665 versu
1205 3600 1310 3664 nisum
1356 3601 1394 3665 iu
1442 3603 1515 3671 Stia

312 3700 450 3764 editione
488 3697 609 3783 ubique
646 3720 762 3764 nomen
799 3700 979 3786 Pamphilus
1010 3722 1069 3785 pro
1103 3723 1155 3786 eo,
1200 3702 1287 3789 quod
1319 3702 1483 3793 alioquin

312 3801 485 3887 codicibus,
510 3803 608 3866 etiam
623 3801 656 3865 in
674 3801 716 3878 A,
733 3801 870 3866 traditur
883 3803 1128 3890 Pamphilipptu,
1145 3803 1303 3869 violenter
1319 3803 1488 3877 substitui
1495 3842 1516 3868 ;«;

312 3905 399 3993 quod
427 3926 502 3969 cum
523 3904 581 3968 vix
603 3903 753 3988 cuiquam
782 3902 979 3990 probaverit,
1009 3926 1111 3990 nuper
1139 3906 1274 3972 verbum
1295 3906 1511 3996 Pamphilam

401 4177 421 4245 ¹)
438 4177 472 4230 In
490 4176 514 4232 P
532 4193 642 4244 quoqne
665 4177 740 4232 locos
759 4177 894 4244 inveniri,
917 4178 1017 4244 quibus
1035 4178 1176 4247 duplicem
1194 4176 1304 4231 codices
1322 4194 1492 4248 repraeaen
1511 4211 1514 4217 ·

313 4261 476 4328 lectionem,
493 4265 709 4316 consentaneum
728 4266 782 4327 est,
801 4278 833 4314 ac
850 4261 995 4315 nominare
1012 4261 1117 4315 sufficit
1138 4261 1209 4314 Trio.
1229 4261 1302 4316 1188.
1339 4268 1485 4326 ceterum
1511 4298 1515 4319 t

314 4345 433 4415 duplicis
459 4346 629 4400 recensionis
657 4363 744 4416 genus
768 4346 852 4416 longe
877 4345 962 4399 latius
985 4350 1076 4416 patet,
1104 4362 1186 4415 quam
1208 4344 1298 4403 adhuc
1322 4348 1443 4411 avinis
1463 4355 1517 4412 ᾱιι

314 4431 456 4503 cognitum
474 4433 526 4487 eat.
