3038 5220
734 265 776 334 45

145 498 291 553 monere,
328 498 457 542 versum
484 475 711 553 Ambrosiam,
745 475 801 559 qui
834 483 965 560 propter
991 485 1089 538 metuo
1115 495 1151 536 aa
1179 494 1221 537 ex
1250 495 1280 535 v.
1304 470 1366 536 275

147 581 230 644 male
253 579 424 664 repetitum
445 578 627 643 reiciendus
650 588 712 655 est,
739 578 871 655 fluxisse
894 599 935 641 ex
958 598 1010 653 ec,
1034 597 1130 660 quem
1152 575 1181 639 P
1200 574 1366 662 praebent.

147 683 203 768 qui
228 682 352 747 etiamsi
384 695 416 746 et
444 682 512 766 ipse
543 692 576 745 ut
598 682 810 769 interpolatus
839 679 1040 745 damnandus
1063 692 1126 756 est,
1157 691 1264 743 tamen
1287 676 1367 741 nihil

146 798 211 863 est,
239 807 296 851 cur
326 807 400 850 eum
429 783 463 848 in
491 784 669 870 archetypo
696 785 863 870 utriusque
886 781 1078 847 recensionis
1102 802 1232 867 prorsus
1254 779 1367 844 eodem

146 888 246 954 modo
269 898 439 953 exaratum
461 887 560 952 luisse
583 909 754 973 negemus3
798 887 838 952 cf.
860 885 1074 970 Niemeyerus
1095 907 1126 969 p.
1148 882 1200 947 43.

232 1009 343 1072 Pseud.
367 1008 428 1071 397
670 1096 673 1104 Ι

189 1128 238 1191 A:
263 1125 349 1209 Quoi
370 1147 474 1209 neque
499 1126 609 1210 parati
633 1137 692 1190 est
715 1127 923 1214 quicquam
946 1124 1024 1188 certi
1047 1123 1160 1187 consili

189 1228 234 1293 P:
259 1228 324 1312 Qui
347 1248 451 1311 neque
473 1238 596 1312 parata
618 1240 733 1314 gutta
756 1228 833 1292 certi
857 1226 968 1291 consili

149 1349 366 1433 Niemeyerus
394 1372 425 1436 p.
449 1348 491 1412 46
518 1349 626 1435 glossa
653 1347 778 1412 Placidi
812 1348 923 1420 hilum,
946 1348 1107 1432 quicquam
1134 1345 1279 1410 adhibita
1310 1348 1368 1407 lroc

149 1454 219 1517 loco
243 1455 403 1538 quicquam
427 1451 525 1515 verbo
546 1463 634 1536 putta
656 1451 909 1538 superscriptum
924 1449 1023 1513 fuisse
1039 1459 1156 1512 censet.
1194 1447 1369 1534 quodcum

147 1577 205 1640 per
228 1577 261 1619 se
284 1576 348 1618 nou
372 1552 528 1618 absonum
552 1554 608 1630 sit,
637 1554 717 1618 illud
740 1566 848 1618 tamen
876 1551 1091 1637 reputandum
1115 1563 1177 1628 est,
1209 1553 1369 1636 quicquam

148 1659 258 1732 coneili,
286 1658 407 1742 aliquid
427 1658 539 1730 concili,
569 1658 639 1724 sim.
666 1657 778 1721 Plauto
807 1669 855 1719 sat
885 1657 1003 1720 usitata
1025 1677 1112 1732 essc3
1144 1656 1184 1719 cf.
1209 1657 1369 1740 quicquam

148 1761 251 1823 consili
265 1760 378 1823 Bacch.
394 1759 486 1836 1036,
520 1760 639 1845 aliquid
653 1761 757 1823 cocali
770 1761 866 1846 Epic.
879 1759 951 1835 256,
981 1760 1057 1845 qaid
1072 1759 1176 1822 consili
1190 1759 1283 1821 Marc.
1297 1757 1368 1822 346.

150 1861 321 1926 86515632
345 1862 392 1947 (in
415 1861 469 1939 Pl,
492 1862 532 1930 al.
577 1862 648 1948 pari
670 1862 769 1947 igitur
791 1863 859 1925 iure
884 1884 901 1925 a
926 1871 1104 1926 correctore
1127 1860 1287 1926 obsoletae
1309 1859 1370 1923 elo·

149 1963 272 2028 cutioni
293 1973 381 2047 putta
409 1964 513 2026 consili
539 1961 722 2047 putabimus
746 1964 912 2051 vulgarem
935 1986 998 2028 non
1021 1964 1288 2049 superscriptam,
1312 1961 1369 2026 sed

150 2065 355 2131 substitutam
369 2087 448 2129 esse.
473 2065 558 2128 idem
572 2065 667 2129 ctiam
678 2066 878 2150 probabilius
890 2069 1057 2133 statuerim
1069 2068 1139 2132 loco
1155 2069 1210 2154 qui
1227 2066 1371 2150 sequitur

233 2187 327 2250 Marc.
351 2184 416 2248 314
458 2187 506 2249 A:
528 2185 625 2272 plane
647 2186 828 2272 decrepitus
851 2209 950 2251 senex

461 2287 505 2352 P:
529 2288 654 2352 vetulus
678 2288 859 2376 decrepitus
883 2313 991 2357 senex.

149 2407 364 2474 Ritschelium
393 2406 629 2494 Goetziumque
662 2409 885 2474 Palatinorum
913 2411 1067 2474 memoria
1097 2418 1204 2495 spreta
1231 2407 1370 2473 Ambro-

149 2515 276 2577 sianum
299 2513 389 2596 sequi
413 2533 515 2596 paene
539 2512 637 2598 piget.
682 2522 816 2597 uterque
839 2512 924 2577 euim
948 2536 1005 2578 nos
1027 2522 1159 2578 revocat
1181 2511 1223 2574 ad
1246 2535 1275 2576 v.
1297 2509 1370 2588 291,

149 2613 205 2681 ubi
227 2626 307 2678 vatus
330 2616 495 2701 decrepitas
512 2624 615 2692 extat,
646 2615 739 2702 quasi
770 2614 838 2679 veri
861 2616 965 2681 simile
987 2626 1086 2699 esset,
1117 2639 1157 2680 ex
1179 2615 1268 2681 vocis
1290 2625 1370 2678 vetus

149 2716 371 2781 recordatione
402 2716 660 2802 interpolatorem
694 2720 807 2782 vetulus
840 2719 916 2783 huic
950 2718 1057 2784 versui
1090 2717 1260 2800 adiecisse,
1297 2737 1370 2782 eum

150 2820 344 2884 contrarium
375 2829 498 2883 tanturn
531 2821 639 2908 aliquo
673 2821 768 2884 modo
797 2821 948 2886 credibile
971 2822 1022 2886 sit.
1073 2821 1101 2884 si
1124 2841 1201 2885 vero
1223 2818 1369 2885 codicum

149 2923 303 2989 lectiones
327 2946 385 3010 per
407 2945 441 2986 se
459 2945 693 3010 comparamus,
715 2925 783 2989 lere
800 2925 914 2989 rationi
931 2937 1101 3010 repugnat,
1126 2925 1225 2990 verbo
1244 2923 1370 3010 vulgari

145 3028 239 3113 plana
271 3024 435 3090 subditum
470 3049 540 3091 esse
567 3028 688 3093 vetulas.
742 3050 800 3092 nos
827 3027 1107 3112 languidissimum
1131 3028 1224 3114 plana
1252 3026 1371 3091 reicere

149 3152 213 3194 nou
237 3128 431 3206 dubitamus,
454 3127 649 3214 Niemeyero
673 3130 718 3217 (p.
734 3130 790 3213 53)
814 3130 1039 3208 adsentientes,
1062 3131 1118 3215 qui
1140 3133 1251 3196 vetulas
1274 3132 1371 3195 decra-

145 3235 230 3318 pc'tas
252 3242 317 3298 tam
340 3231 527 3297 Plautinum
551 3255 619 3297 esse
642 3232 736 3312 dicit,
764 3245 799 3298 ut
828 3233 867 3297 de
895 3233 1018 3298 librarii
1046 3257 1153 3300 errore
1184 3233 1236 3298 vel
1258 3232 1371 3298 fraude

151 3356 247 3420 aegre
281 3334 399 3420 cogitet
432 3335 486 3420 (cf.
516 3335 611 3421 lapid.
635 3337 721 3422 666).
777 3337 864 3422 quod
898 3361 974 3403 vero
1008 3338 1093 3402 idem
1120 3340 1214 3424 place
1247 3350 1371 3423 partem

151 3437 278 3524 glossae
305 3437 472 3502 cuiusdam
500 3438 599 3503 luisse
626 3461 666 3504 ex
696 3439 793 3508 Verri
824 3440 934 3505 Flacci
967 3451 999 3506 et
1029 3441 1154 3505 Placidi
1186 3439 1280 3516 locis,
1314 3437 1370 3523 qui

151 3561 262 3605 vocem
296 3543 461 3627 decrepitas
497 3540 761 3628 interpretantur,
797 3543 934 3629 colligit,
975 3543 1066 3608 nobis
1106 3566 1169 3608 non
1207 3541 1371 3629 probatur.

151 3642 275 3710 tollitur
303 3642 387 3707 enim
419 3643 515 3709 huius
545 3644 748 3710 coniecturae
775 3645 854 3710 fides
885 3668 937 3728 eo,
966 3645 1052 3731 quod
1080 3643 1207 3711 illorum
1230 3643 1372 3720 verbaa

152 3745 209 3810 tali
234 3745 508 3831 interpretatione,
531 3747 660 3830 qualem
688 3748 827 3834 exempli
849 3749 955 3835 gratia
981 3748 1195 3836 Niemeyerus
1224 3745 1373 3833 proponit

153 3851 257 3936 (plone
283 3860 410 3914 vetustus
443 3848 494 3913 vel
522 3848 625 3914 simile
654 3850 763 3937 quid),
798 3850 892 3914 nimis
920 3850 1103 3930 discedunt3
1139 3851 1256 3916 deinde
1285 3848 1372 3937 quod

153 3965 278 4040 partem
300 3964 424 4018 tantum
451 3953 578 4039 glossae
608 3953 641 4016 in
664 3975 792 4018 versum
816 3953 972 4019 invasisse
995 3967 1027 4020 et
1049 3955 1184 4021 verbum
1207 3952 1371 4039 amplioris

152 4057 248 4144 spatii
277 4056 440 4141 expulisse
470 4054 565 4120 debet
590 4057 752 4133 conicere,
790 4079 854 4120 non
881 4058 1064 4144 appositum
1092 4070 1140 4123 est
1172 4057 1214 4123 ad
1243 4077 1372 4144 persua·

153 4159 304 4223 dandum.
341 4158 437 4245 longe
459 4158 636 4246 simplicius
659 4181 710 4222 res
725 4160 771 4223 sic
788 4159 979 4246 explicatur,
1005 4172 1037 4225 ut
1055 4171 1267 4226 correctorem
1282 4157 1372 4223 verbi

107 4293 110 4298 ·
151 4264 263 4326 vetulas
285 4274 467 4350 pertaesum
490 4263 539 4340 sit,
564 4261 654 4328 cuius
676 4262 746 4327 loco
767 4264 858 4349 plana
879 4263 1052 4329 substituit.
1086 4307 1091 4315 -

242 4386 322 4450 Tria.
346 4383 408 4448 743
451 4382 494 4450 P:
517 4381 673 4448 0515555
696 4389 728 4446 te
750 4383 861 4448 sistere

441 4485 491 4553 A:
512 4485 714 4553 Incolumem
737 4486 849 4553 sistere
