3038 5220
743 258 786 322 23

239 455 310 524 Iam
349 459 501 544 quoniam
536 459 623 525 Pasti
666 460 807 546 epitoma
840 484 880 527 ex
914 461 1010 529 Verri
1043 460 1154 524 Flacci
1189 481 1285 544 opere
1308 482 1370 527 ex·

154 573 264 647 carpta
288 574 350 640 est,
379 584 420 627 ex
449 562 503 640 iis,
533 585 616 647 quae
638 562 853 648 Leidolpbum
884 564 985 629 secuti
1012 563 1235 649 exposuimus,
1265 583 1373 626 conse-

154 664 279 749 quitur,
317 665 381 729 iam
417 663 511 730 Verri
547 665 659 731 Flacci
698 678 842 752 tempore
874 666 1099 731 Plautinarum
1136 664 1373 733 comoediarum

153 767 353 853 exemplaria
380 767 413 832 in
442 767 523 832 duas
550 769 753 834 recensiones
781 768 967 833 discessisse
994 768 1139 840 easdem,
1167 784 1251 852 quae
1277 766 1373 832 hodie

154 869 376 935 Ambrosiano
405 870 614 956 palimpsesto
642 881 674 935 et
701 869 857 935 Palatinis
886 869 1050 934 codicibus
1081 879 1372 954 repraesentantur.

154 994 236 1056 quae
276 995 332 1046 res⁴
361 996 380 1036 a
413 971 593 1058 Ireidolpho
624 973 764 1058 primum
804 973 921 1038 diserte
961 971 1108 1060 exposita
1146 971 1373 1056 comprobatur

152 1073 311 1139 Plautinis
339 1075 417 1140 locis
446 1074 533 1160 apud
563 1073 706 1139 Nonium
733 1074 884 1152 servatis,
919 1074 970 1139 cui
1000 1073 1055 1160 qui
1082 1074 1162 1138 haec
1189 1075 1372 1162 suppedita-

152 1187 267 1241 verunt
287 1190 433 1242 auctores
456 1199 493 1241 eo
516 1188 658 1262 tempore
680 1177 850 1253 vixerunt,
875 1198 939 1261 quo
961 1176 1164 1263 grammatici
1183 1176 1276 1241 latini
1298 1199 1372 1243 cum

152 1278 372 1344 Ambrosiana
405 1291 473 1345 tum
494 1279 645 1344 Palatina
667 1279 1057 1345 recensioneutebantur.

236 1398 301 1466 Sed
338 1409 374 1465 ut
411 1398 453 1463 ad
490 1420 558 1463 rem
594 1399 780 1463 redeamus:
824 1397 964 1464 vidimus
1004 1397 1054 1461 his
1097 1395 1245 1461 omnibus
1283 1397 1372 1478 locis,

152 1524 289 1586 quorum
322 1502 356 1566 in
390 1501 516 1567 duabus
543 1495 791 1567 ⁴recensionibus
825 1498 953 1563 diversa
985 1499 1144 1583 scriptura
1178 1509 1286 1564 certe
1323 1500 1371 1564 ad

152 1604 262 1672 Verri
304 1603 440 1668 Flacci
483 1615 661 1689 tempora
701 1605 891 1679 refertur,
928 1600 1113 1665 Palatinam
1153 1603 1372 1668 recensionem

153 1728 261 1770 veram
285 1705 453 1770 lectionem
477 1705 640 1784 exhibere,
663 1716 775 1770 contra
789 1703 1041 1769 Ambrosianum
1065 1705 1130 1768 iam
1153 1714 1221 1770 tum
1238 1727 1370 1791 operam

152 1808 437 1892 grammaticorum
470 1818 637 1893 expertum
671 1829 756 1885 esse,
790 1805 845 1893 qui
879 1805 985 1871 verbis
1013 1807 1154 1891 antiquis
1181 1829 1241 1872 sua
1267 1819 1370 1874 aetate

152 1909 216 1972 iam
238 1931 302 1973 non
326 1909 497 1975 intellectis
519 1909 558 1974 de
582 1931 640 1975 suo
662 1909 791 1996 ingenio
813 1909 877 1973 alia
900 1908 1145 1975 substituebant.

238 2010 343 2095 Quam
383 2011 610 2076 correctionem
648 2010 745 2076 etiam
782 2011 878 2077 latius
915 2012 981 2076 iam
1017 2022 1085 2077 tum
1121 2012 1263 2097 patuisse
1296 2035 1369 2079 oum

152 2113 333 2191 nemo‚·nisi
350 2113 404 2198 qui
421 2136 499 2178 sana
521 2114 644 2179 ratione
660 2114 831 2179 destitutus
847 2114 898 2191 sit,
921 2135 1040 2199 negare
1056 2114 1166 2198 possit,
1188 2115 1369 2200 paullulum

151 2215 356 2279 retractanda
384 2215 445 2279 erit
476 2213 584 2300 opinio
618 2237 746 2292 eorum,
784 2214 840 2300 qui
876 2236 918 2280 ex
956 2226 1116 2280 vetustate
1152 2216 1369 2284 Ambrosiano

151 2339 310 2382 summam
350 2317 580 2403 praestantiam
625 2317 853 2382 vindicandam
893 2314 930 2381 et'
959 2316 1027 2381 eius
1065 2319 1253 2384 auctoritate
1291 2321 1369 2386 locis

150 2418 257 2484 dubiis
289 2419 377 2485 litem
411 2420 652 2487 diiudicandum
684 2442 752 2486 esse
786 2420 936 2485 dixerunt
970 2421 1022 2502 (cf.
1047 2441 1073 2487 e.
1096 2443 1128 2507 g.
1159 2420 1369 2508 Niemeyerus

149 2544 181 2606 p.
211 2523 252 2586 10
279 2528 351 2607 sq).
404 2545 543 2607 namque
570 2524 694 2588 irritam
715 2545 784 2587 esse
816 2524 971 2588 rationem
1000 2523 1200 2607 antiquitatis
1226 2540 1368 2610 apparet,

150 2623 178 2687 si
213 2622 278 2688 iam
316 2625 457 2690 vetustis·
493 2623 691 2712 temporibus
728 2623 981 2689 Ambrosianum
1022 2625 1239 2691 recensionem
1281 2627 1368 2693 haud

151 2725 355 2792 mediocriter
376 2749 396 2791 a
417 2728 636 2814 grammaticis
659 2727 868 2792 deformatam
890 2726 990 2791 fuisse
1013 2726 1169 2793 videmus.

234 2828 345 2912 Atque
368 2850 451 2916 quae
473 2828 513 2892 de
536 2839 688 2913 tempore,
710 2850 774 2911 quo
796 2828 998 2893 recensiones
1019 2827 1094 2894 illae
1113 2830 1279 2896 institutae
1294 2833 1368 2911 siut,

149 2929 347 3017 Leidolphus
374 2930 539 3008 disseruit,
578 2930 617 2994 iis
651 2942 686 2995 ut
708 2930 837 2994 incertis
866 2951 952 2995 nunc
984 2931 1114 3015 quidem
1142 2932 1267 2999 omissis
1296 2956 1367 2999 eam

149 3033 357 3110 sententiam,
397 3054 494 3117 quam
532 3033 573 3097 de
606 3032 796 3097 auctoritate
829 3043 861 3097 et
892 3032 995 3117 pretio
1027 3034 1236 3100 Ambrosiaui
1270 3059 1368 3123 supra

149 3132 350 3219 protulimus,
373 3135 530 3221 exemplis
553 3134 713 3200 illustrare
736 3135 909 3222 pergimus.

238 3237 319 3301 Tria.
341 3237 404 3302 252
427 3238 460 3302 in
483 3238 722 3303 enumeratione
737 3259 903 3302 servorum
920 3259 1150 3323 servarumque
1165 3242 1367 3306 recensiones

148 3339 194 3403 ita
231 3339 429 3426 discrepant,
473 3356 509 3406 ut
540 3340 575 3406 A
610 3343 764 3428 vestripieo
796 3341 944 3427 (eiusque
981 3343 1199 3407 recensionem
1238 3355 1365 3409 secutus

147 3440 275 3506 Nouius
297 3464 329 3527 p.
364 3443 416 3525 12,
442 3443 481 3508 18
513 3445 688 3529 vestispc'ce),
725 3441 933 3528 Paestiplice
963 3444 1100 3510 tradant.
1156 3457 1253 3529 atque
1288 3469 1365 3512 voce

148 3545 305 3628 veudpica
325 3543 453 3610 Nonius
474 3565 551 3610 usos
573 3567 642 3610 esse
664 3555 775 3609 narrat
794 3545 969 3610 Afranium
991 3557 1022 3610 et
1041 3546 1238 3625 Varronem3
1262 3570 1365 3633 neque
1458 3618 1460 3621 ,

149 3646 236 3730 quod
247 3646 346 3711 sciam
359 3635 525 3732 praeter'ea
536 3646 570 3711 in
581 3647 696 3712 litteris
706 3647 878 3711 invenitur.
901 3647 989 3712 vocis
999 3651 1152 3734 ceatiplica
1163 3649 1243 3714 baec
1255 3660 1367 3716 extant

147 3740 343 3813 testimonia:
382 3748 518 3833 Quintil.
551 3751 676 3814 declam.
704 3749 777 3814 363.
810 3749 847 3816 0.
874 3749 901 3818 Ι.
930 3749 968 3814 L.
992 3750 1044 3820 VI
1069 3751 1163 3816 9901.
1192 3751 1249 3816 ΙΧ
1271 3751 1366 3819 3318.

147 3852 312 3938 oestipla‘cua
342 3850 462 3936 legitur
499 3848 589 3916 O.1.
622 3852 660 3920 L.
690 3851 740 3920 VI
777 3851 870 3921 9981.
907 3852 1000 3918 7301.
1033 3856 1186 3942 oestispico
1213 3853 1250 3921 O.
1278 3855 1305 3924 I.
1326 3855 1364 3925 L.

148 3951 198 4018 VI
220 3952 313 4017 9912.
363 3975 458 4040 porro
489 3964 578 4052 extat
604 3954 727 4041 glossa:
763 3954 953 4041 ,vestiplioa,
987 3958 1123 4036 femina,
1157 3979 1239 4042 quae
1259 3970 1365 4023 vestes

147 4140 263 4195 Festum
284 4143 368 4194 extat.
404 4157 522 4209 quorum
543 4139 615 4196 alter
636 4155 748 4211 versum
770 4141 945 4198 Cistellariae
969 4144 1103 4198 exhibens
1120 4143 1212 4209 (Paul.
1229 4162 1257 4214 p.
1274 4145 1319 4214 52)
1335 4146 1365 4199 in

147 4225 251 4281 nostris
269 4223 411 4280 codicibus
429 4223 541 4280 omnino
559 4224 646 4292 deest,
668 4226 751 4281 alter·
762 4227 862 4296 (Aulul.
873 4227 934 4296 555)
953 4227 1111 4283 simillimus
1130 4231 1172 4283 est
1189 4229 1258 4283 locis
1282 4247 1366 4299 supra

146 4309 283 4365 tractatis.
318 4308 423 4364 habent
449 4309 524 4364 enim
552 4309 576 4365 P
601 4314 630 4365 st
652 4309 732 4365 Paul.
761 4305 789 4381 p.
812 4312 845 4367 28
869 4312 984 4379 oculere,
1008 4310 1081 4367 Pest.
1102 4307 1132 4382 p.
1151 4314 1201 4368 178
1226 4315 1363 4378 oculatam,

146 4394 221 4449 unde
239 4393 411 4465 Leidolphus
433 4394 495 4449 iure
513 4395 679 4450 concludere
696 4394 816 4464 videtur,
839 4396 870 4451 in
886 4399 913 4466 A
930 4405 1046 4467 quoque,
1063 4399 1094 4453 in
1111 4414 1165 4469 quo
1182 4400 1302 4453 aetatem
1319 4399 1365 4455 hic

145 4474 223 4536 lodus
240 4497 296 4537 non
313 4479 389 4547 tulit,
406 4479 491 4535 fuisse
508 4481 645 4535 oculatum.
1335 4473 1337 4476 ’
