3038 5220
812 275 833 340 6

211 476 345 542 verbum
368 477 409 542 de
434 476 583 542 codicum
613 477 818 557 condicione3
844 479 931 546 unde
960 476 1158 551 concluseris
1185 475 1434 565 Bergkiumde

209 579 271 644 hac
297 601 331 643 re
361 590 428 643 tum
456 580 586 666 quidem
614 580 766 665 temporis
792 593 849 647 aut
876 581 918 646 ad
946 592 1069 647 certum
1098 579 1254 645 iudicium
1285 583 1434 651 nondum

209 681 394 766 pervenisse
412 690 467 745 aut
479 680 652 746 Ritschelii
664 684 854 749 sententiam
868 682 1030 771 probasse.
1047 683 1104 747 sed
1116 683 1149 747 in
1161 686 1433 753 commentatione

211 785 249 846 de
275 783 384 846 Plauti
416 783 589 846 Trinummo
620 783 708 870 (Ind.
742 786 815 850 lect.
845 785 949 852 Marb.
969 785 1191 851 1849-1850
1211 817 1255 843 =
1280 787 1338 875 Op
1346 792 1435 877 pal

211 883 364 970 53-70),
387 907 460 949 cum
479 885 511 948 in
527 884 725 972 singulorum
743 888 886 952 locorum
904 889 1106 959 enarratione
1123 899 1315 969 versaretur,
1338 916 1431 980 quae-

213 988 288 1051 dam
303 987 490 1075 disputavit,
515 1009 597 1074 qnae
612 988 675 1053 huc
690 990 861 1074 pertinent.
894 989 1049 1054 indicavit
1070 991 1154 1056 enim
1171 995 1428 1062 retractationem

213 1091 308 1155 metri
329 1090 435 1175 gratia
457 1090 491 1154 in
513 1089 542 1154 P
564 1101 748 1176 susceptam
774 1093 855 1156 Tan.
877 1115 908 1156 v.
925 1091 988 1157 200

252 1194 296 1259 P:
325 1192 441 1280 Neque
465 1192 738 1280 mendaciloquius
761 1216 865 1280 neque
887 1208 1037 1282 argutum
1060 1195 1164 1289 magis

252 1296 301 1360 A:
323 1295 440 1383 Neque
466 1295 743 1378 mendaciloquius
765 1318 870 1383 neque
892 1297 973 1360 adeo
997 1307 1149 1382 argutum
1172 1301 1276 1384 magis
1317 1317 1322 1324 ·

211 1399 268 1464 ubi
298 1412 468 1486 postquam
496 1400 754 1484 mendaciloqucm
780 1399 814 1462 in
842 1401 1098 1484 mendaciloquius
1124 1413 1311 1487 corruptum
1338 1417 1432 1482 esset,

213 1502 360 1565 voculam
379 1504 454 1566 adeo
469 1501 501 1565 in
526 1501 645 1566 Pdicit
667 1499 719 1578 ,ab
741 1500 780 1564 iis
801 1500 938 1580 eiectam
953 1521 1032 1577 esse,
1056 1501 1111 1586 qui
1133 1523 1262 1568 versum
1279 1505 1432 1570 vitiosum

212 1603 320 1691 aliquo
338 1603 433 1668 modo
449 1604 610 1688 corrigere
626 1601 806 1669 studebant'
820 1603 853 1686 (l.
872 1626 895 1666 c.
913 1624 944 1687 p.
957 1601 1047 1670 VIII
1058 1632 1103 1661 =
1117 1603 1173 1690 Op.
1187 1606 1242 1690 pt.
1256 1606 1276 1671 I
1294 1607 1334 1672 61
1353 1608 1432 1695 sq.);

213 1728 318 1793 neque
341 1705 434 1770 aliter
455 1705 578 1770 iudicat
600 1705 640 1770 de
665 1728 695 1768 v.
719 1704 780 1768 212
808 1705 896 1789 (ibid.
920 1727 951 1788 p.
966 1703 1059 1768 X=
1075 1707 1131 1793 Op.
1150 1708 1203 1794 pt.
1226 1708 1314 1796 163)
1337 1711 1433 1775 simul

215 1809 327 1896 quanti
360 1808 610 1873 Ambrosianum
643 1807 742 1870 faciat
772 1806 1003 1871 demonstrans.
1060 1807 1169 1896 itaqua
1201 1810 1255 1875 illo
1288 1824 1433 1899 tempore

213 1911 384 1977 Plautinas
418 1910 600 1975 comoedias
633 1909 850 1974 recensionem
885 1920 1034 1994 expertas
1059 1931 1131 1976 esse
1154 1913 1253 1990 vidit3
1287 1937 1325 1979 ea
1356 1936 1434 1979 varo

215 2014 319 2102 qualis
341 2014 439 2078 fuerit
464 2028 495 2078 et
521 2036 617 2100 quam
640 2013 704 2077 late
719 2021 843 2097 pateat,
871 2034 933 2076 non
962 2012 1089 2077 videtur
1112 2015 1189 2080 satis
1217 2018 1433 2103 perspexisse,

214 2119 366 2204 quoniam
388 2116 456 2182 sine
475 2116 540 2181 ulla
559 2115 756 2180 dubitatione
772 2108 989 2201 discrepantia
1010 2117 1233 2183 recensionum
1250 2121 1435 2185 testimonia

213 2220 246 2284 in
281 2218 426 2288 versibus
460 2218 692 2283 constituendis
725 2217 927 2302 permiscuit3
968 2217 1055 2281 velut
1087 2219 1120 2282 in
1155 2219 1251 2283 Stichi
1285 2220 1430 2285 versibus

213 2321 325 2407 primis
343 2320 574 2385 constituendis
592 2321 662 2405 ipse
679 2319 757 2385 dicit
772 2342 805 2385 se
826 2320 859 2384 in
879 2320 1025 2385 versibus
1042 2320 1252 2386 discribendis
1268 2322 1433 2402 Veterem,

213 2424 246 2488 in
270 2423 377 2489 verbis
400 2435 506 2488 autem
528 2423 720 2508 recipiendis
737 2422 992 2488 'Ambrosianum
1015 2423 1160 2489 codicem
1183 2436 1326 2490 secutum
1351 2447 1432 2503 esse,

214 2547 410 2613 quamquam
432 2525 466 2588 in
489 2547 583 2590 versu
600 2537 714 2612 quarto
737 2525 906 2590 diversitas
919 2527 1140 2592 recessionum
1164 2549 1238 2610 enm
1256 2550 1319 2592 non
1332 2528 1434 2612 fugit:

256 2630 305 2693 A:
328 2628 510 2693 absentium
533 2628 578 2692 ita
600 2641 636 2692 ut
657 2640 824 2714 aequomst

256 2731 302 2795 P:
325 2729 494 2795 absentum
516 2740 552 2794 ut
575 2742 622 2795 est
644 2752 781 2817 aequom

215 2834 321 2919 (Dior.
356 2846 418 2896 ont.
455 2832 543 2897 VIII
576 2856 608 2918 p.
632 2833 695 2898 339
714 2864 757 2890 ==
779 2833 835 2920 Op.
859 2835 914 2920 pt.
938 2833 956 2898 Ι
984 2857 1015 2920 p.
1038 2835 1104 2922 43).
1140 2837 1237 2900 etiam
1272 2836 1435 2900 canticum

215 2934 396 3001 Trinummi
419 2936 568 3020 primum,
592 2959 788 3023 quamquam
807 2937 839 3000 in
857 2937 1020 3003 nonnullis
1042 2936 1258 3001 aRitschelio
1277 2938 1435 3014 dissentit,

214 3038 246 3101 in
265 3037 450 3102 universnm
470 3039 583 3102 eadem
600 3039 732 3115 ratione,
757 3063 821 3126 qua
836 3040 890 3103 ille
913 3038 1067 3123 inpriore
1091 3035 1242 3112 editione,
1261 3040 1435 3119 constituit,

217 3141 326 3204 mixtis
355 3141 503 3205 videlicet
524 3141 734 3206 Ambrosiani
763 3153 794 3205 et
816 3140 1041 3204 Palatinarum
1077 3134 1243 3219 scripturis
1267 3138 1434 3223 (comerent.

217 3245 254 3307 dc
275 3244 325 3307 Pl.
354 3244 434 3307 ltin.
456 3243 546 3308 III-
561 3242 628 3310 VII
643 3275 687 3301 =
706 3244 762 3330 Op.
782 3244 834 3328 pt.
857 3241 877 3305 I
900 3238 1051 3323 54-60).

300 3345 365 3411 Sed
399 3346 496 3431 paulo
524 3360 595 3430 post
619 3368 715 3431 quam
738 3341 935 3408 Ritschelius
968 3340 1002 3403 in
1034 3339 1236 3405 Fleckeiseni
1275 3347 1435 3409 ortmann

216 3445 331 3534 (1868)
353 3446 393 3511 de
416 3447 604 3511 condicione
627 3445 848 3510 recensionum
875 3442 1046 3522 iudicium,
1071 3443 1158 3530 quod
1180 3465 1279 3529 supra
1300 3469 1433 3511 comme-

216 3549 339 3613 moravi
362 3549 509 3636 protulit,
539 3549 703 3634 Bergkius
731 3567 858 3633 quoqne
879 3545 911 3608 in
935 3546 1089 3630 symbolis
1119 3545 1161 3609 ad
1189 3547 1431 3632 grammaticam

216 3650 353 3716 latinam
376 3650 416 3715 ab
439 3652 509 3736 ipso
533 3673 561 3714 a.
588 3651 670 3715 1870
692 3649 785 3713 editis
808 3648 942 3713 similem
971 3649 1162 3714 sententiam
1189 3648 1349 3733 professus
1372 3660 1429 3724 est,

216 3754 312 3817 simul
334 3753 374 3817 de
397 3753 530 3817 historia
553 3752 665 3817 critica
694 3750 876 3817 fabularum
898 3749 1123 3815 Plautinarnm
1146 3750 1312 3815 disserens.
1347 3769 1429 3833 quae

216 3854 261 3920 ibi
284 3855 474 3940 disputavit,
508 3877 548 3919 ex
583 3855 622 3918 iis
655 3855 697 3919 ad
730 3864 871 3919 nostram
894 3855 1113 3940 quaestionem
1147 3853 1207 3916 hoc
1229 3848 1430 3936 potissimum

216 3956 358 4041 respicit,
396 3956 482 4043 qnod
518 3955 682 4042 Bergkius
719 3956 842 4042 primus
879 3955 942 4020 duo
978 3955 1033 4019 illa
1072 3952 1267 4019 recensionis
1305 3972 1433 4038 genera,

217 4081 354 4146 quorum
376 4058 534 4122 rationem
556 4059 647 4122 initio
671 4059 765 4124 buius
788 4059 1021 4124 dissertationis
1044 4057 1248 4132 adumbravi,
1270 4055 1305 4119 in
1325 4053 1435 4119 Plauti

166 4199 168 4203 <
218 4160 401 4238 comoediis,
425 4162 536 4248 quales
556 4183 642 4226 nunc
663 4161 822 4248 leguntur,
847 4161 961 4249 dispici
977 4161 1070 4238 dixit,
1094 4160 1227 4224 alteram
1244 4157 1434 4234 scaenicam,

217 4264 462 4350 grammaticam
490 4265 639 4343 alteram,
673 4265 764 4330 cuius
797 4263 928 4348 quidem
955 4264 1083 4328 diversa
1116 4259 1314 4348 exemplaria
1345 4259 1436 4325 nobis

218 4378 346 4450 praesto
384 4387 453 4431 esse
493 4368 645 4454 cognovit
680 4368 715 4431 in
754 4366 864 4433 codice
896 4365 1114 4431 Ambrosiauo
1147 4375 1180 4428 et
1206 4363 1240 4427 in
1268 4361 1436 4426 Palatinis.

219 4490 355 4560 quarum
389 4470 610 4540 recensionum
644 4469 728 4538 hanc
762 4491 832 4538 csse
861 4469 1100 4548 condicionem,
1133 4477 1170 4534 ut
1197 4464 1338 4531 Palatini
1364 4485 1438 4551 cum
