3038 5220
715 273 754 340 13

119 477 276 543 tinisehen
293 477 478 544 Recension
501 477 535 543 in
559 478 680 544 diesem
695 479 788 545 Falle
803 480 921 568 gewiss
938 480 1026 546 nicht
1043 480 1104 548 den
1116 481 1252 569 Vorzug
1273 507 1341 549 ver-

119 580 217 658 dient‚
240 580 366 646 machte
390 580 508 646 daraus
529 580 573 646 im
589 581 747 646 Hinblick
769 584 827 647 aul
845 583 897 648 die
918 584 1206 670 nttchstfolgenden
1232 587 1340 672 Septe-

119 706 196 749 nare
211 685 384 772 folgenden
401 686 501 750 troob.
520 684 691 771 Septenar:
708 686 818 764 ‚Velut
830 726 872 737 —
882 687 1041 751 rustiens‘.
1075 687 1144 752 Der
1158 687 1342 754 Recensent

119 786 176 851 der
197 787 227 851 P
242 788 389 874 dagegen
413 787 516 852 stellte
531 787 576 852 im
592 789 770 854 Anschluss
792 812 833 853 an
849 788 901 852 die
917 788 1204 875 vorhergehenden
1220 791 1341 858 Senare

119 890 211 955 einen
249 912 342 955 wenn
376 890 466 955 nicht
499 890 760 969 Plautinischen,
799 891 881 955 doeh
922 891 977 955 des
1008 890 1141 969 Plautus
1174 894 1342 981 wiirdigen

114 992 320 1080 jambischen
336 992 438 1059 Senar
453 994 533 1058 hen‘
578 994 631 1058 cui
655 994 716 1059 viri
732 993 910 1058 doctissimi
925 993 1100 1058 sententiae
1117 1017 1181 1059 non
1198 995 1239 1060 ab
1254 999 1341 1061 omni

119 1109 210 1183 parte
232 1117 283 1160 me
305 1095 456 1161 addicere
471 1117 618 1181 possum;
647 1119 788 1180 namque
812 1119 874 1160 non
899 1106 965 1160 tam
987 1097 1230 1183 ‚pleonasmum‘
1251 1099 1340 1165 illum

118 1202 245 1284 agrestia
255 1201 381 1262 nutans
393 1197 434 1262 ab
450 1209 579 1264 auctore
592 1200 787 1264 recensionis
799 1197 932 1263 consilio
947 1199 1090 1276 inlatum,
1103 1200 1201 1266 immo
1212 1223 1340 1267 versum

119 1301 331 1386 ,glossematis
344 1300 525 1365 dilatatum‘
538 1301 571 1365 in
582 1301 616 1366 A
634 1314 744 1366 extare
756 1301 934 1366 rectissime
947 1300 1134 1367 observavit
1145 1302 1340 1382 Schoellius3

119 1416 216 1489 atque
238 1403 375 1469 verbum
398 1407 523 1489 amentis
549 1426 614 1468 una
637 1425 710 1468 cum
732 1402 840 1490 glossa
862 1408 992 1468 misticus
1022 1405 1099 1469 olim
1126 1405 1265 1490 margini
1287 1405 1341 1471 ad-

118 1507 275 1590 scriptum
305 1505 404 1570 fuisse
432 1505 505 1591 ipsa
532 1504 705 1571 verborum
734 1507 766 1570 in
793 1507 857 1571 fine
884 1530 996 1574 versus
1025 1507 1193 1572 collocatio
1223 1510 1339 1594 arguit.

118 1609 206 1674 haud
233 1608 327 1673 aliter
355 1609 472 1672 habitat
501 1631 560 1694 pro
588 1607 696 1692 glossa
719 1609 761 1673 ad
776 1611 864 1674 tabet
879 1610 1043 1696 adscripta
1065 1610 1246 1677 habendam
1270 1634 1340 1678 esse

117 1711 329 1798 Niemeyerus
357 1709 484 1775 Placidi
512 1711 627 1796 glossis
651 1711 757 1775 citatis
785 1715 833 1799 (p.
855 1712 943 1798 52,6)
974 1713 1118 1778 indicare
1145 1736 1208 1779 non
1231 1737 1340 1800 super-

118 1812 209 1894 sedit,
234 1836 431 1898 quamquam
454 1813 530 1878 huie
552 1815 733 1880 testimonio
756 1838 883 1881 omnem
900 1817 965 1880 vim
981 1815 1127 1902 abrogat.
1172 1817 1279 1881 necin
1302 1840 1340 1883 eo

120 1914 341 1981 Studemundo
353 1915 515 1980 adsentior
528 1917 614 2000 quod
627 1917 705 1982 dicit
717 1929 882 1984 auctorem
893 1920 1089 1985 recensionis
1103 1919 1340 1986 Ambrosianus

118 2039 246 2081 versum
269 2017 332 2082 246
354 2020 570 2103 septenarium
598 2010 752 2085 formasse
779 2021 1016 2108 insequentium
1040 2044 1191 2087 versuum
1215 2023 1339 2087 ratione

118 2120 245 2185 habita:
267 2120 365 2185 immo
388 2136 548 2186 corrector
570 2123 723 2187 metricus
737 2144 810 2188 eum
833 2145 961 2188 versum
980 2124 1184 2210 glossematis
1201 2125 1338 2211 receptis

118 2222 202 2287 iusto
217 2223 394 2310 longiorem
409 2224 494 2288 intra
509 2225 627 2288 senarii
648 2225 727 2289 fines
745 2245 893 2289 coercere
909 2247 973 2289 non
990 2236 1107 2310 posset,
1121 2228 1338 2312 septenarium

117 2325 212 2389 finxit
233 2336 265 2390 et
288 2327 413 2391 adeius
436 2349 580 2392 normam
598 2327 695 2392 etiam
712 2328 876 2413 proximos
892 2349 1004 2393 versus
1029 2330 1062 2392 in
1084 2330 1337 2415 septenariorum

116 2429 253 2493 formam
267 2428 393 2516 redegit
404 2431 461 2516 poi
474 2431 601 2507 omisso,
617 2433 725 2494 transit
740 2452 799 2514 pro
815 2431 976 2494 transilivit
990 2432 1170 2517 supposito,
1187 2444 1339 2520 quattuor

116 2531 262 2596 versibus
285 2534 318 2596 in
341 2540 407 2596 tres
430 2532 617 2597 contractis:

224 2635 251 2701 1.
273 2633 379 2701 Nimis
411 2635 555 2699 mortalis
582 2633 707 2720 lepidus
731 2634 890 2720 nimisque
913 2634 1036 2720 prbbus
1060 2635 1204 2721 dator-¹);
1232 2637 1338 2701 sedis

725 2737 808 2803 cldm
831 2747 957 2822 patrem

222 2839 252 2903 2.
276 2821 524 2904 Etiam—eum
547 2839 620 2904 volo

221 2941 251 3010 3.
276 2941 456 3008 Cdnveuire
472 2979 509 2991 -
522 2940 781 3007 violentissimus.

114 3044 171 3109 sed
205 3045 423 3111 Ambrosiano
459 3043 672 3129 Niemeyerus
701 3042 920 3128 patrocinatur
954 3041 1054 3108 libelli
1091 3065 1190 3128 supra
1216 3065 1333 3109 memo·

115 3147 177 3212 rati
200 3171 232 3235 p.
247 3147 299 3226 49,
322 3158 358 3214 ut
372 3168 479 3233 saepe,
502 3147 548 3212 ita
569 3145 614 3211 ibi
637 3169 765 3231 quoque
780 3145 822 3209 ad
845 3167 954 3210 omnes
972 3146 1115 3232 argutias
1139 3146 1336 3233 confugiens.

117 3263 213 3334 atque
236 3262 273 3315 ut
294 3249 323 3314 ei
350 3248 527 3336 largiamur
549 3249 636 3334 quod
658 3248 692 3312 in
714 3248 900 3335 pleonasmo
923 3252 1047 3333 apreatia
1068 3251 1195 3312 nanticus
1216 3270 1336 3335 magno

116 3373 212 3438 opere
235 3352 428 3431 delectatur,
461 3353 593 3438 gravius
628 3363 675 3417 est
709 3351 794 3437 quod
821 3372 950 3415 versum
980 3351 1042 3415 246
1071 3363 1136 3415 tam
1164 3361 1232 3415 arte
1262 3372 1334 3416 oum

116 3455 161 3518 eis
190 3455 245 3540 qui
273 3454 515 3543 subsequuntur
542 3456 712 3521 cohaerere
741 3455 801 3532 ait,
834 3467 869 3518 ut
896 3453 938 3518 ab
960 3453 999 3517 iis
1028 3457 1120 3519 metri
1148 3453 1334 3519 diversitate

115 3556 226 3620 divelli
247 3568 395 3644 nequeat.
440 3556 526 3641 quod
542 3557 700 3643 pertinere
723 3557 764 3621 ad
787 3581 816 3624 v.
832 3556 893 3619 247
914 3578 1008 3620 nemo
1030 3577 1093 3620 non
1113 3555 1215 3632 videt3
1237 3556 1337 3620 habet

116 3669 223 3725 autem
246 3659 273 3724 is
296 3662 392 3725 etiam
414 3661 447 3724 in
468 3660 599 3726 Pidem
627 3659 713 3744 quod
741 3683 771 3722 v.
795 3659 857 3722 246
880 3670 1031 3734 metrum3
1062 3679 1173 3722 versus
1202 3657 1264 3722 248
1287 3679 1334 3741 sq.

116 3762 321 3827 concedimus
344 3785 421 3827 sane
438 3785 511 3827 cum
527 3761 788 3828 antecedentibus
804 3761 945 3849 quodam
962 3759 1056 3826 modo
1073 3761 1256 3837 cohaerere,
1278 3758 1334 3824 sed

115 3875 244 3930 strenue
272 3887 428 3950 negamus
451 3887 504 3930 eos
527 3877 593 3930 tam
621 3875 691 3929 arto
714 3864 843 3949 vinculo
867 3863 1052 3928 coniunctos
1075 3884 1160 3942 esse,
1189 3873 1224 3929 ut
1247 3861 1335 3927 aliud

116 3990 267 4034 versuum
288 3990 392 4055 genus
421 3990 485 4033 non
508 3968 706 4032 admittatur.
751 3965 867 4031 etenim
884 3978 1053 4052 postquam
1075 3965 1115 4029 de
1139 3963 1335 4029 amatoribus

115 4081 209 4136 antea
231 4071 262 4135 in
287 4071 473 4136 uuiversum
502 4092 606 4135 sermo
633 4070 730 4135 fuerit
750 4068 961 4155 inprimisque
982 4066 1022 4132 de
1045 4068 1137 4134 bonis
1159 4066 1334 4146 datoribus,

115 4196 251 4259 qnorum
274 4172 367 4262 quasi
390 4175 557 4260 exemplar
579 4172 719 4239 Strabax
744 4171 945 4256 proponitur,
974 4170 1038 4235 iam
1062 4168 1104 4234 ad
1126 4191 1244 4235 novam
1265 4191 1336 4234 rem

202 4401 222 4466 ¹)
245 4397 310 4452 Hoc
326 4397 484 4452 recensioni
507 4393 717 4455 Ambrosianus,
734 4393 882 4448 restituere
908 4393 1001 4447 nullus
1019 4392 1118 4447 dubito
1144 4409 1196 4462 pro
1224 4402 1333 4455 amator,

114 4483 189 4552 quod
206 4486 270 4555 post
288 4482 469 4538 Ambrosiani
486 4482 652 4537 correctoris
675 4483 797 4535 aetatem
814 4495 829 4532 e
847 4495 928 4533 versu
946 4476 1123 4533 ancillatum
1141 4480 1191 4532 est
