3038 5220
660 235 863 343 aa„

233 440 316 506 Pers.
340 439 523 504 725-730
549 441 726 507 scaenicae'
739 443 957 508 retractationi
980 443 1091 509 deberi
1113 443 1271 512 Goetaius
1294 444 1316 509 l.
1342 456 1374 512 cL

149 565 181 627 p.
203 542 268 607 300
294 542 535 608 demonstravit.
580 567 632 612 vv.
655 545 741 608 enim
770 545 843 612 727.
867 546 929 611 728
958 546 1101 611 arcessiti
1128 557 1202 610 sunt
1236 568 1279 610 ex
1300 545 1377 610 467.

149 644 223 710 468.
266 643 383 708 deinde
398 667 450 712 vv.
467 644 538 711 728.
553 645 615 710 729
637 668 745 712 rerum
768 647 949 713 condicioni
972 669 1037 714 non
1060 652 1272 731 conveniunt3
1297 671 1376 713 nam

148 757 220 834 post
242 746 367 813 abitum
396 747 517 812 domini
545 745 654 820 Toxili
681 749 792 814 turbas
827 750 914 815 facit.
960 773 1024 838 quo
1053 773 1128 818 cum
1156 773 1253 818 versu
1284 752 1375 816 nullo

151 848 247 913 modo
271 849 418 917 concinit·
432 849 487 933 qui
509 849 543 913 in
565 848 633 913 solo
657 849 691 914 A
709 851 871 934 sequitur:

235 950 338 1029 Tunc,
361 953 491 1035 quando
514 951 623 1016 abiero
644 992 687 1002 -
709 953 810 1022 ΒΑΘ.
854 955 931 1038 quin
956 953 1066 1018 taces?
1089 955 1157 1018 scio
1179 954 1258 1038 quid
1283 954 1374 1020 velis.

149 1054 190 1118 de
213 1075 277 1136 quo
299 1051 471 1119 Goetzius:
506 1053 585 1130 ‚Der
607 1054 702 1120 letzte
725 1054 808 1121 Vere
831 1057 915 1120 sieht
937 1057 1001 1119 last
1024 1056 1113 1121 einer
1135 1056 1374 1143 Interpolation

149 1156 290 1234 ahnlich,
313 1156 366 1220 die
390 1155 464 1220 dem
487 1155 665 1220 Bestreben
687 1169 873 1244 entsprang‚
898 1157 957 1222 das
974 1157 1138 1224 Versehan
1163 1159 1207 1222 im
1232 1158 1374 1224 Vorher·

148 1258 318 1346 gehenden
341 1258 461 1322 wieder
487 1267 547 1344 gut
568 1281 610 1322 zu
638 1258 794 1322 macben.‘
838 1259 894 1323 sed
923 1259 1030 1323 nescio
1052 1281 1096 1323 an
1123 1260 1156 1324 in
1179 1259 1243 1324 alio
1266 1281 1376 1324 exem—

150 1363 233 1448 plari
260 1361 393 1425 histrico
421 1359 568 1424 versibus
598 1359 722 1425 duobus
752 1360 1016 1425 antecedentibus
1044 1360 1237 1426 substitutus
1266 1361 1378 1440 suerit,

151 1478 185 1533 ut
207 1465 240 1528 in
262 1463 318 1528 illo
340 1463 388 1527 sic
411 1463 513 1528 oratio
535 1466 745 1547 processerit:

234 1567 310 1653 Age
331 1566 411 1630 illuc
433 1565 707 1650 abscede-procul
730 1587 747 1630 e
771 1575 947 1649 conspectu
968 1575 1000 1628 et
1022 1574 1104 1631 tace.

237 1669 340 1746 Tunc,
363 1667 493 1751 quando
516 1666 626 1732 abiero
648 1706 690 1717 -
711 1667 813 1734 SAG.
847 1667 925 1750 quin
949 1667 1057 1733 taces?
1079 1666 1156 1744 scio,
1180 1666 1260 1750 quid
1282 1667 1380 1733 velis.

149 1771 313 1856 duplicem
334 1769 433 1856 igitur
457 1769 611 1835 habemus
635 1771 668 1833 in
692 1771 721 1834 A
743 1770 973 1835 recensionem.
1286 1836 1288 1838 ,

235 1874 347 1938 Pseud.
375 1871 566 1938 571-573.
617 1871 798 1936 Pseudulus
832 1871 1001 1954 soliloquio
1035 1870 1146 1936 habito
1181 1871 1221 1935 de
1255 1893 1382 1938 scaeua

153 1978 300 2042 abiturus
323 1975 404 2039 haec
427 1972 519 2038 dicit:

235 2077 294 2144 571
321 2075 506 2144 Consedere
530 2074 763 2162 aliquantisper
783 2073 859 2137 hinc
881 2076 925 2137 mi
947 2074 1031 2138 intro
1052 2073 1152 2150 lubet,

323 2178 412 2242 Dum
435 2179 643 2242 concenturio
665 2177 699 2239 in
722 2176 818 2240 corde
841 2177 1079 2262 sucophantias.

237 2282 299 2346 573
322 2280 458 2346 Tibicen
482 2301 538 2345 vos
561 2279 685 2343 interea
708 2278 924 2344 delectaverit.

155 2386 186 2450 in
203 2384 254 2448 his
277 2405 370 2447 nemo
394 2404 548 2466 umquam
571 2381 714 2458 offendit,
738 2381 839 2445 donec
856 2380 1006 2445 Loewius
1027 2382 1122 2446 Anci.
1138 2381 1242 2445 Phaet.
1260 2403 1293 2466 p.
1314 2383 1379 2446 168

152 2484 362 2572 investigavit
381 2506 509 2548 versum
532 2481 595 2547 573
624 2504 665 2546 ex
688 2482 827 2567 abrupto
850 2482 942 2566 sequi
964 2482 1192 2547 antecedentes
1214 2503 1274 2546 nec
1298 2483 1380 2548 satis

131 2588 232 2654 bene
255 2609 414 2651 conexum
438 2608 507 2650 esse
532 2607 606 2649 cum
628 2585 683 2667 iis3
707 2585 855 2650 lacunam
878 2599 984 2648 autem
1009 2584 1131 2669 optime
1154 2585 1280 2671 expleri
1304 2608 1379 2650 cen·

151 2691 214 2756 suit
231 2713 324 2755 versu
341 2711 425 2753 novo
441 2688 474 2752 in
489 2687 523 2753 A
545 2696 618 2772 post
640 2687 704 2751 572
727 2686 768 2752 ab
791 2710 828 2753 eo
850 2687 983 2752 invento
1006 2699 1038 2753 et
1060 2689 1106 2753 sic
1134 2688 1377 2774 redintegrato:

240 2792 372 2880 [Statim
395 2804 554 2856 revortar:
577 2791 660 2879 n]on
683 2812 737 2854 ero
760 2789 853 2854 vobis
877 2811 993 2854 morae.

150 2897 184 2960 in
213 2895 330 2980 quibus
359 2917 420 2983 ego
450 2894 529 2959 nihil
556 2895 618 2959 nisi
646 2893 872 2958 otiosissimam
901 2892 1185 2976 amplificationem
1217 2893 1376 2959 orationis

154 3020 310 3086 agnos00‚
345 3019 410 3080 qua
439 2997 525 3081 quod
554 2997 672 3062 dicitur
699 2997 778 3061 satis
808 3006 958 3060 accurate
987 2996 1053 3059 iam
1082 2996 1266 3061 continetur
1294 3018 1374 3060 voce

153 3101 380 3186 aliquantisper.
414 3121 543 3164 versum
570 3100 778 3165 subditicium
807 3120 876 3163 esse
900 3120 971 3162 mea
1002 3098 1135 3181 quidem
1157 3098 1320 3163 sententia
1340 3098 1374 3162 id

151 3203 230 3270 satis
253 3203 460 3283 demonstrat,
485 3202 572 3289 quod
595 3205 708 3266 interca
730 3212 840 3286 aperte
863 3200 996 3284 respicit
1018 3200 1059 3263 ad
1083 3203 1157 3264 dum
1179 3204 1374 3264 cementario.

151 3306 237 3370 hunc
262 3315 370 3369 autem
399 3324 464 3366 non
492 3303 625 3368 cuilibet
647 3301 859 3390 grammatico
891 3300 1034 3367 codicem
1063 3293 1288 3390 interpolanti,
1318 3303 1374 3368 sed

152 3404 299 3472 histrioni
314 3392 476 3470 auditores
492 3404 669 3492 alloquenti
690 3402 799 3468 deberi
822 3425 915 3467 nemo
938 3426 1002 3468 non
1025 3403 1123 3469 videt.
1170 3427 1234 3468 non
1258 3408 1372 3491 magis,

151 3520 188 3574 ut
209 3509 270 3573 hoc
292 3509 368 3573 data
390 3508 557 3574 occasione
580 3507 746 3572 absolvam
770 3528 965 3593 quamquam
988 3506 1030 3571 ad
1053 3510 1234 3571 scaenicam
1266 3528 1374 3572 recen·

152 3613 275 3675 sionem
302 3611 406 3675 minus
435 3611 590 3696 pertinet,
623 3609 733 3693 Plauti
762 3621 810 3673 est
838 3630 964 3684 versus,
1000 3608 1056 3695 qui
1088 3619 1162 3693 post
1195 3609 1310 3672 Pseud.
1335 3609 1375 3674 66

153 3712 376 3778 Studemundo
399 3713 445 3777 sic
468 3712 632 3797 apparuit:
741 3756 743 3759 -

238 3813 431 3879 Nostrorum
455 3814 619 3899 orgiorum
640 3819 742 3894 [7-8
764 3815 836 3893 tta]
858 3812 1072 3893 iuncul[1—2
1094 3812 1177 3890 titas,

154 3916 284 3981 Loewio
306 3925 415 3982 autem
437 3917 459 3980 l.
482 3937 509 3982 c.
531 3938 562 4000 p.
588 3916 663 3981 153:

235 4016 427 4083 Nostrorum
450 4019 530 4098 [fere
553 4023 574 4081 6
595 4019 668 4096 litt]
691 4040 743 4081 um
761 4023 903 4099 ,θῇ-6
925 4018 999 4095 litt]
1021 4015 1166 4090 uncula.,

156 4120 208 4185 cui
231 4118 507 4185 dubitatiunculae
529 4118 686 4184 subnatae
710 4129 798 4197 sunt,
828 4143 904 4184 num
932 4122 1084 4204 napinam
1111 4119 1189 4183 olim
1218 4119 1377 4204 scriptum

155 4223 263 4300 fuerit,
286 4245 360 4291 cum
381 4234 549 4285 nostrorum
569 4223 720 4307 orpiorum
737 4233 874 4285 metrum
897 4243 961 4284 non
983 4222 1138 4305 patiatur3
1161 4221 1250 4304 quod
1272 4243 1377 4286 emen-

156 4325 297 4391 dandum
320 4347 389 4389 esse
409 4325 444 4389 in
466 4336 600 4388 nostrum
622 4325 774 4409 orpionnm
795 4323 864 4407 ipse
887 4321 1044 4390 indicavit
1066 4343 1168 4407 eaque
1191 4323 1378 4409 corruptela

155 4436 220 4490 tam
241 4428 387 4521 vulgaris
410 4438 473 4504 est,
501 4425 634 4491 atinde
663 4424 789 4489 veritati
811 4425 1110 4493 Studemundianae
1141 4425 1311 4504 lectionis,
1334 4426 1375 4492 de
