<?xml version="1.0" encoding="UTF-8"?>
<!DOCTYPE html PUBLIC "-//W3C//DTD XHTML 1.0 Transitional//EN"
    "http://www.w3.org/TR/xhtml1/DTD/xhtml1-transitional.dtd">
<html xmlns="http://www.w3.org/1999/xhtml" xml:lang="en" lang="en">
 <head>
  <title>
</title>
<meta http-equiv="Content-Type" content="text/html;charset=utf-8" />
  <meta name='ocr-system' content='tesseract 3.04.00' />
  <meta name='ocr-capabilities' content='ocr_page ocr_carea ocr_par ocr_line ocrx_word'/>
</head>
<body>
  <div class='ocr_page' id='page_1' title='image "./deplautifabular01baiegoog_0174.png"; bbox 0 0 3038 5220; ppageno 0'>
   <div class='ocr_carea' id='block_1_1' title="bbox 733 260 793 328">
    <p class='ocr_par' dir='ltr' id='par_1_1' title="bbox 733 260 793 328">
     <span class='ocr_line' id='line_1_1' title="bbox 733 260 793 328; baseline -0.067 -1"><span class='ocrx_word' id='word_1_1' title='bbox 733 260 793 328; x_wconf 87' lang='grc'>165</span> 
     </span>
    </p>
   </div>
   <div class='ocr_carea' id='block_1_2' title="bbox 658 349 860 361">
    <p class='ocr_par' dir='ltr' id='par_1_2' title="bbox 658 349 860 361">
     <span class='ocr_line' id='line_1_2' title="bbox 658 349 860 361; baseline 0.01 -2"><span class='ocrx_word' id='word_1_2' title='bbox 658 349 860 361; x_wconf 65' lang='lat' dir='ltr'>—u—</span> 
     </span>
    </p>
   </div>
   <div class='ocr_carea' id='block_1_3' title="bbox 145 461 1369 658">
    <p class='ocr_par' dir='ltr' id='par_1_3' title="bbox 145 461 1369 658">
     <span class='ocr_line' id='line_1_3' title="bbox 145 461 521 548; baseline -0.003 -19"><span class='ocrx_word' id='word_1_3' title='bbox 145 465 249 541; x_wconf 77' lang='lat' dir='ltr'>sune‘,</span> <span class='ocrx_word' id='word_1_4' title='bbox 272 461 358 548; x_wconf 90' lang='lat' dir='ltr'>quod</span> <span class='ocrx_word' id='word_1_5' title='bbox 380 463 464 530; x_wconf 87' lang='lat' dir='ltr'>redit</span> <span class='ocrx_word' id='word_1_6' title='bbox 481 465 521 529; x_wconf 88' lang='lat' dir='ltr'>ad</span> 
     </span>
     <span class='ocr_line' id='line_1_4' title="bbox 234 563 1369 658; baseline 0.004 -26"><span class='ocrx_word' id='word_1_7' title='bbox 234 563 322 632; x_wconf 84' lang='lat' dir='ltr'>Nam</span> <span class='ocrx_word' id='word_1_8' title='bbox 353 577 479 631; x_wconf 77' lang='lat' dir='ltr'><strong>ecastor</strong></span> <span class='ocrx_word' id='word_1_9' title='bbox 511 588 688 654; x_wconf 78' lang='lat' dir='ltr'><strong>numquam</strong></span> <span class='ocrx_word' id='word_1_10' title='bbox 721 569 799 634; x_wconf 85' lang='lat' dir='ltr'>satis</span> <span class='ocrx_word' id='word_1_11' title='bbox 833 568 922 634; x_wconf 81' lang='lat' dir='ltr'><strong>dedit</strong></span> <span class='ocrx_word' id='word_1_12' title='bbox 958 590 1037 634; x_wconf 89' lang='lat' dir='ltr'>suae</span> <span class='ocrx_word' id='word_1_13' title='bbox 1076 569 1206 634; x_wconf 85' lang='lat' dir='ltr'>amicae</span> <span class='ocrx_word' id='word_1_14' title='bbox 1233 568 1369 658; x_wconf 87' lang='lat' dir='ltr'>quisque</span> 
     </span>
    </p>
   </div>
   <div class='ocr_carea' id='block_1_4' title="bbox 146 680 1369 3524">
    <p class='ocr_par' dir='ltr' id='par_1_4' title="bbox 146 680 1369 3524">
     <span class='ocr_line' id='line_1_5' title="bbox 1067 680 1201 737; baseline 0.007 -2"><span class='ocrx_word' id='word_1_15' title='bbox 1067 680 1201 737; x_wconf 86' lang='lat' dir='ltr'>amator.</span> 
     </span>
     <span class='ocr_line' id='line_1_6' title="bbox 190 768 1368 850; baseline 0.004 -16"><span class='ocrx_word' id='word_1_16' title='bbox 190 769 254 834; x_wconf 90' lang='lat' dir='ltr'>His</span> <span class='ocrx_word' id='word_1_17' title='bbox 280 769 357 834; x_wconf 86' lang='lat' dir='ltr'>locis</span> <span class='ocrx_word' id='word_1_18' title='bbox 393 768 532 834; x_wconf 79' lang='lat' dir='ltr'><strong>editores</strong></span> <span class='ocrx_word' id='word_1_19' title='bbox 560 770 726 836; x_wconf 85' lang='lat' dir='ltr'>Palatinos</span> <span class='ocrx_word' id='word_1_20' title='bbox 755 773 857 838; x_wconf 85' lang='lat' dir='ltr'>secuti</span> <span class='ocrx_word' id='word_1_21' title='bbox 881 783 970 850; x_wconf 83' lang='lat' dir='ltr'>sunt3</span> <span class='ocrx_word' id='word_1_22' title='bbox 1004 773 1222 840; x_wconf 88' lang='lat' dir='ltr'>discesserunt</span> <span class='ocrx_word' id='word_1_23' title='bbox 1250 773 1368 840; x_wconf 88' lang='lat' dir='ltr'>iniuria</span> 
     </span>
     <span class='ocr_line' id='line_1_7' title="bbox 148 870 462 958; baseline -0.01 -21"><span class='ocrx_word' id='word_1_24' title='bbox 148 881 185 937; x_wconf 85' lang='lat' dir='ltr'>ut</span> <span class='ocrx_word' id='word_1_25' title='bbox 208 872 323 958; x_wconf 85' lang='lat' dir='ltr'>opinor</span> <span class='ocrx_word' id='word_1_26' title='bbox 344 870 386 936; x_wconf 77' lang='lat' dir='ltr'>ab</span> <span class='ocrx_word' id='word_1_27' title='bbox 408 871 462 935; x_wconf 85' lang='lat' dir='ltr'>iis:</span> 
     </span>
     <span class='ocr_line' id='line_1_8' title="bbox 192 975 363 1041; baseline 0.018 -3"><span class='ocrx_word' id='word_1_28' title='bbox 192 975 276 1038; x_wconf 84' lang='lat' dir='ltr'>Pers.</span> <span class='ocrx_word' id='word_1_29' title='bbox 299 975 363 1041; x_wconf 86' lang='grc'>400</span> 
     </span>
     <span class='ocr_line' id='line_1_9' title="bbox 233 1075 1261 1161; baseline 0.005 -21"><span class='ocrx_word' id='word_1_30' title='bbox 233 1075 276 1140; x_wconf 90' lang='lat' dir='ltr'>P:</span> <span class='ocrx_word' id='word_1_31' title='bbox 299 1075 464 1161; x_wconf 82' lang='lat' dir='ltr'><strong>Quidnam</strong></span> <span class='ocrx_word' id='word_1_32' title='bbox 486 1097 556 1141; x_wconf 91' lang='lat' dir='ltr'>esse</span> <span class='ocrx_word' id='word_1_33' title='bbox 578 1087 726 1141; x_wconf 87' lang='lat' dir='ltr'>acturum</span> <span class='ocrx_word' id='word_1_34' title='bbox 748 1076 855 1141; x_wconf 83' lang='lat' dir='ltr'>dicam</span> <span class='ocrx_word' id='word_1_35' title='bbox 878 1077 964 1143; x_wconf 90' lang='lat' dir='ltr'>hunc</span> <span class='ocrx_word' id='word_1_36' title='bbox 986 1079 1132 1144; x_wconf 84' lang='lat' dir='ltr'>vicinum</span> <span class='ocrx_word' id='word_1_37' title='bbox 1154 1101 1261 1146; x_wconf 90' lang='lat' dir='ltr'>meum</span> 
     </span>
     <span class='ocr_line' id='line_1_10' title="bbox 234 1179 1277 1265; baseline 0.005 -21"><span class='ocrx_word' id='word_1_38' title='bbox 234 1180 282 1244; x_wconf 88' lang='lat' dir='ltr'>A:</span> <span class='ocrx_word' id='word_1_39' title='bbox 306 1179 470 1265; x_wconf 80' lang='lat' dir='ltr'><strong>Quidnam</strong></span> <span class='ocrx_word' id='word_1_40' title='bbox 493 1201 563 1244; x_wconf 87' lang='lat' dir='ltr'>esse</span> <span class='ocrx_word' id='word_1_41' title='bbox 585 1189 732 1245; x_wconf 87' lang='lat' dir='ltr'>acturum</span> <span class='ocrx_word' id='word_1_42' title='bbox 755 1179 861 1244; x_wconf 90' lang='lat' dir='ltr'>dicam</span> <span class='ocrx_word' id='word_1_43' title='bbox 884 1180 970 1245; x_wconf 92' lang='lat' dir='ltr'>hunc</span> <span class='ocrx_word' id='word_1_44' title='bbox 994 1183 1136 1248; x_wconf 91' lang='lat' dir='ltr'>vicinum</span> <span class='ocrx_word' id='word_1_45' title='bbox 1161 1204 1277 1259; x_wconf 89' lang='lat' dir='ltr'>meum,</span> 
     </span>
     <span class='ocr_line' id='line_1_11' title="bbox 148 1282 607 1369; baseline 0.004 -21"><span class='ocrx_word' id='word_1_46' title='bbox 148 1282 235 1367; x_wconf 91' lang='lat' dir='ltr'>quod</span> <span class='ocrx_word' id='word_1_47' title='bbox 258 1282 454 1348; x_wconf 85' lang='lat' dir='ltr'>Ritschelins</span> <span class='ocrx_word' id='word_1_48' title='bbox 476 1284 607 1369; x_wconf 89' lang='lat' dir='ltr'>recepit.</span> 
     </span>
     <span class='ocr_line' id='line_1_12' title="bbox 192 1385 424 1472; baseline 0 -23"><span class='ocrx_word' id='word_1_49' title='bbox 192 1387 262 1450; x_wconf 82' lang='lat' dir='ltr'>Mil.</span> <span class='ocrx_word' id='word_1_50' title='bbox 283 1385 359 1472; x_wconf 69' lang='lat' dir='ltr'>plor.</span> <span class='ocrx_word' id='word_1_51' title='bbox 381 1385 424 1450; x_wconf 90' lang='lat'>40</span> 
     </span>
     <span class='ocr_line' id='line_1_13' title="bbox 234 1486 1024 1556; baseline -0.003 -3"><span class='ocrx_word' id='word_1_52' title='bbox 234 1488 278 1556; x_wconf 93' lang='lat' dir='ltr'><strong>P:</strong></span> <span class='ocrx_word' id='word_1_53' title='bbox 300 1486 440 1553; x_wconf 78' lang='lat' dir='ltr'>Novisse</span> <span class='ocrx_word' id='word_1_54' title='bbox 462 1508 567 1552; x_wconf 86' lang='lat' dir='ltr'>mores</span> <span class='ocrx_word' id='word_1_55' title='bbox 590 1508 642 1551; x_wconf 88' lang='lat' dir='ltr'>me</span> <span class='ocrx_word' id='word_1_56' title='bbox 664 1498 736 1552; x_wconf 88' lang='lat' dir='ltr'>tuos</span> <span class='ocrx_word' id='word_1_57' title='bbox 757 1486 908 1552; x_wconf 85' lang='lat' dir='ltr'>meditate</span> <span class='ocrx_word' id='word_1_58' title='bbox 931 1486 1024 1554; x_wconf 84' lang='lat' dir='ltr'>docet</span> 
     </span>
     <span class='ocr_line' id='line_1_14' title="bbox 233 1588 1034 1658; baseline 0.002 -3"><span class='ocrx_word' id='word_1_59' title='bbox 233 1591 278 1656; x_wconf 90' lang='lat' dir='ltr'><strong>A:</strong></span> <span class='ocrx_word' id='word_1_60' title='bbox 300 1588 439 1655; x_wconf 79' lang='lat' dir='ltr'>Novisse</span> <span class='ocrx_word' id='word_1_61' title='bbox 460 1611 565 1654; x_wconf 90' lang='lat' dir='ltr'>mores</span> <span class='ocrx_word' id='word_1_62' title='bbox 588 1600 660 1655; x_wconf 90' lang='lat' dir='ltr'>tuos</span> <span class='ocrx_word' id='word_1_63' title='bbox 683 1611 734 1654; x_wconf 93' lang='lat' dir='ltr'>me</span> <span class='ocrx_word' id='word_1_64' title='bbox 756 1589 908 1654; x_wconf 83' lang='lat' dir='ltr'>meditate</span> <span class='ocrx_word' id='word_1_65' title='bbox 930 1590 1034 1658; x_wconf 88' lang='lat' dir='ltr'>decet.</span> 
     </span>
     <span class='ocr_line' id='line_1_15' title="bbox 148 1691 578 1760; baseline -0.002 -1"><span class='ocrx_word' id='word_1_66' title='bbox 148 1716 222 1760; x_wconf 87' lang='lat' dir='ltr'>cum</span> <span class='ocrx_word' id='word_1_67' title='bbox 245 1695 275 1758; x_wconf 88' lang='lat' dir='ltr'><strong>A</strong></span> <span class='ocrx_word' id='word_1_68' title='bbox 298 1714 408 1758; x_wconf 92' lang='lat' dir='ltr'>omnes</span> <span class='ocrx_word' id='word_1_69' title='bbox 431 1691 578 1758; x_wconf 79' lang='lat' dir='ltr'>editores.</span> 
     </span>
     <span class='ocr_line' id='line_1_16' title="bbox 190 1793 1056 1864; baseline 0.002 -4"><span class='ocrx_word' id='word_1_70' title='bbox 190 1797 301 1860; x_wconf 73' lang='lat' dir='ltr'>Pseud.</span> <span class='ocrx_word' id='word_1_71' title='bbox 327 1794 411 1859; x_wconf 81' lang='lat'>1234</span> <span class='ocrx_word' id='word_1_72' title='bbox 431 1794 477 1859; x_wconf 88' lang='lat' dir='ltr'>P:</span> <span class='ocrx_word' id='word_1_73' title='bbox 501 1793 578 1860; x_wconf 93' lang='lat' dir='ltr'>dum</span> <span class='ocrx_word' id='word_1_74' title='bbox 600 1794 663 1860; x_wconf 85' lang='lat' dir='ltr'>hac</span> <span class='ocrx_word' id='word_1_75' title='bbox 685 1794 818 1860; x_wconf 92' lang='lat' dir='ltr'>domum</span> <span class='ocrx_word' id='word_1_76' title='bbox 840 1794 971 1860; x_wconf 80' lang='lat' dir='ltr'>redeam</span> <span class='ocrx_word' id='word_1_77' title='bbox 994 1796 1056 1864; x_wconf 87' lang='lat' dir='ltr'>via.</span> 
     </span>
     <span class='ocr_line' id='line_1_17' title="bbox 147 1896 1368 1989; baseline 0.002 -25"><span class='ocrx_word' id='word_1_78' title='bbox 147 1899 182 1963; x_wconf 93' lang='lat' dir='ltr'>in</span> <span class='ocrx_word' id='word_1_79' title='bbox 203 1898 237 1963; x_wconf 88' lang='lat' dir='ltr'><strong>A</strong></span> <span class='ocrx_word' id='word_1_80' title='bbox 259 1921 333 1964; x_wconf 93' lang='lat' dir='ltr'>cnm</span> <span class='ocrx_word' id='word_1_81' title='bbox 360 1898 395 1961; x_wconf 92' lang='lat' dir='ltr'>iu</span> <span class='ocrx_word' id='word_1_82' title='bbox 417 1898 479 1962; x_wconf 85' lang='lat' dir='ltr'>fine</span> <span class='ocrx_word' id='word_1_83' title='bbox 506 1920 618 1962; x_wconf 87' lang='lat' dir='ltr'>versus</span> <span class='ocrx_word' id='word_1_84' title='bbox 640 1907 729 1962; x_wconf 89' lang='lat' dir='ltr'>extet</span> <span class='ocrx_word' id='word_1_85' title='bbox 750 1897 780 1974; x_wconf 66' lang='grc' dir='ltr'>ῖι,</span> <span class='ocrx_word' id='word_1_86' title='bbox 809 1896 961 1963; x_wconf 83' lang='lat' dir='ltr'>Loewins</span> <span class='ocrx_word' id='word_1_87' title='bbox 982 1900 1089 1986; x_wconf 77' lang='lat' dir='ltr'>(Anat.</span> <span class='ocrx_word' id='word_1_88' title='bbox 1113 1900 1217 1964; x_wconf 84' lang='lat' dir='ltr'>Plout.</span> <span class='ocrx_word' id='word_1_89' title='bbox 1240 1923 1271 1988; x_wconf 89' lang='lat' dir='ltr'>p.</span> <span class='ocrx_word' id='word_1_90' title='bbox 1295 1903 1368 1989; x_wconf 78' lang='lat'>172)</span> 
     </span>
     <span class='ocr_line' id='line_1_18' title="bbox 148 1998 1368 2086; baseline 0.004 -21"><span class='ocrx_word' id='word_1_91' title='bbox 148 2022 306 2086; x_wconf 88' lang='lat' dir='ltr'>apparere</span> <span class='ocrx_word' id='word_1_92' title='bbox 334 1999 414 2065; x_wconf 90' lang='lat' dir='ltr'>dicit</span> <span class='ocrx_word' id='word_1_93' title='bbox 439 1999 645 2066; x_wconf 88' lang='lat' dir='ltr'>scribendum</span> <span class='ocrx_word' id='word_1_94' title='bbox 675 2020 745 2064; x_wconf 88' lang='lat' dir='ltr'>esse</span> <span class='ocrx_word' id='word_1_95' title='bbox 774 1998 862 2076; x_wconf 92' lang='lat' dir='ltr'>,dum</span> <span class='ocrx_word' id='word_1_96' title='bbox 892 1999 954 2064; x_wconf 91' lang='lat' dir='ltr'>bac</span> <span class='ocrx_word' id='word_1_97' title='bbox 980 1999 1035 2064; x_wconf 86' lang='lat' dir='ltr'>via</span> <span class='ocrx_word' id='word_1_98' title='bbox 1062 2000 1193 2066; x_wconf 91' lang='lat' dir='ltr'>redeam</span> <span class='ocrx_word' id='word_1_99' title='bbox 1217 2002 1368 2070; x_wconf 84' lang='lat' dir='ltr'>domum‘.</span> 
     </span>
     <span class='ocr_line' id='line_1_19' title="bbox 148 2101 1369 2190; baseline 0.002 -23"><span class='ocrx_word' id='word_1_100' title='bbox 148 2125 210 2190; x_wconf 87' lang='lat' dir='ltr'>ego</span> <span class='ocrx_word' id='word_1_101' title='bbox 240 2114 372 2189; x_wconf 90' lang='lat' dir='ltr'>propter</span> <span class='ocrx_word' id='word_1_102' title='bbox 405 2101 600 2187; x_wconf 74' lang='lat' dir='ltr'>exquisitam</span> <span class='ocrx_word' id='word_1_103' title='bbox 632 2101 803 2168; x_wconf 88' lang='lat' dir='ltr'>verborum</span> <span class='ocrx_word' id='word_1_104' title='bbox 837 2101 1080 2167; x_wconf 79' lang='lat' dir='ltr'>collocationem</span> <span class='ocrx_word' id='word_1_105' title='bbox 1113 2103 1249 2169; x_wconf 87' lang='lat' dir='ltr'>fidenter</span> <span class='ocrx_word' id='word_1_106' title='bbox 1278 2104 1369 2171; x_wconf 90' lang='lat' dir='ltr'>Pala-</span> 
     </span>
     <span class='ocr_line' id='line_1_20' title="bbox 148 2204 367 2294; baseline -0.014 -23"><span class='ocrx_word' id='word_1_107' title='bbox 148 2207 233 2272; x_wconf 88' lang='lat' dir='ltr'>tinos</span> <span class='ocrx_word' id='word_1_108' title='bbox 256 2204 367 2294; x_wconf 91' lang='lat' dir='ltr'>probo.</span> 
     </span>
     <span class='ocr_line' id='line_1_21' title="bbox 191 2305 927 2392; baseline -0.001 -19"><span class='ocrx_word' id='word_1_109' title='bbox 191 2311 272 2375; x_wconf 80' lang='lat' dir='ltr'>Men.</span> <span class='ocrx_word' id='word_1_110' title='bbox 294 2305 421 2373; x_wconf 61' lang='lat'><strong>21:61²:</strong></span> <span class='ocrx_word' id='word_1_111' title='bbox 445 2329 542 2392; x_wconf 91' lang='lat' dir='ltr'>quam</span> <span class='ocrx_word' id='word_1_112' title='bbox 565 2306 655 2372; x_wconf 93' lang='lat' dir='ltr'>cordi</span> <span class='ocrx_word' id='word_1_113' title='bbox 677 2305 718 2370; x_wconf 89' lang='lat' dir='ltr'>sit</span> <span class='ocrx_word' id='word_1_114' title='bbox 739 2327 834 2372; x_wconf 85' lang='lat' dir='ltr'>carus</span> <span class='ocrx_word' id='word_1_115' title='bbox 855 2328 927 2372; x_wconf 92' lang='lat' dir='ltr'>meo</span> 
     </span>
     <span class='ocr_line' id='line_1_22' title="bbox 374 2407 937 2494; baseline 0 -20"><span class='ocrx_word' id='word_1_116' title='bbox 374 2411 421 2474; x_wconf 89' lang='lat' dir='ltr'>A:</span> <span class='ocrx_word' id='word_1_117' title='bbox 445 2432 542 2494; x_wconf 85' lang='lat' dir='ltr'>qnam</span> <span class='ocrx_word' id='word_1_118' title='bbox 565 2430 659 2474; x_wconf 88' lang='lat' dir='ltr'>carus</span> <span class='ocrx_word' id='word_1_119' title='bbox 682 2408 723 2474; x_wconf 89' lang='lat' dir='ltr'>sit</span> <span class='ocrx_word' id='word_1_120' title='bbox 744 2407 833 2474; x_wconf 91' lang='lat' dir='ltr'>cordi</span> <span class='ocrx_word' id='word_1_121' title='bbox 855 2430 937 2491; x_wconf 88' lang='lat' dir='ltr'>meo,</span> 
     </span>
     <span class='ocr_line' id='line_1_23' title="bbox 148 2512 1367 2600; baseline 0.001 -21"><span class='ocrx_word' id='word_1_122' title='bbox 148 2513 204 2580; x_wconf 91' lang='lat' dir='ltr'>ubi</span> <span class='ocrx_word' id='word_1_123' title='bbox 226 2514 379 2592; x_wconf 86' lang='lat' dir='ltr'>editores,</span> <span class='ocrx_word' id='word_1_124' title='bbox 409 2514 557 2598; x_wconf 88' lang='lat' dir='ltr'>quamvis</span> <span class='ocrx_word' id='word_1_125' title='bbox 588 2534 686 2579; x_wconf 87' lang='lat' dir='ltr'>causa</span> <span class='ocrx_word' id='word_1_126' title='bbox 714 2512 860 2579; x_wconf 88' lang='lat' dir='ltr'>mutandi</span> <span class='ocrx_word' id='word_1_127' title='bbox 890 2523 1003 2600; x_wconf 90' lang='lat' dir='ltr'>aperta</span> <span class='ocrx_word' id='word_1_128' title='bbox 1024 2514 1079 2590; x_wconf 87' lang='lat' dir='ltr'>sit,</span> <span class='ocrx_word' id='word_1_129' title='bbox 1113 2512 1367 2580; x_wconf 89' lang='lat' dir='ltr'>Ambrosianum</span> 
     </span>
     <span class='ocr_line' id='line_1_24' title="bbox 148 2614 1369 2703; baseline -0.002 -20"><span class='ocrx_word' id='word_1_130' title='bbox 148 2618 239 2702; x_wconf 89' lang='lat' dir='ltr'>sequi</span> <span class='ocrx_word' id='word_1_131' title='bbox 280 2617 480 2702; x_wconf 69' lang='lat' dir='ltr'>maluerunt:</span> <span class='ocrx_word' id='word_1_132' title='bbox 522 2625 666 2683; x_wconf 86' lang='lat' dir='ltr'>ceterum</span> <span class='ocrx_word' id='word_1_133' title='bbox 707 2618 747 2684; x_wconf 85' lang='lat' dir='ltr'>cf.</span> <span class='ocrx_word' id='word_1_134' title='bbox 784 2616 882 2702; x_wconf 81' lang='lat' dir='ltr'>Epid.</span> <span class='ocrx_word' id='word_1_135' title='bbox 920 2615 978 2682; x_wconf 90' lang='lat'>133</span> <span class='ocrx_word' id='word_1_136' title='bbox 1021 2614 1120 2700; x_wconf 78' lang='lat' dir='ltr'>,Quia</span> <span class='ocrx_word' id='word_1_137' title='bbox 1157 2638 1228 2680; x_wconf 91' lang='lat' dir='ltr'>meo</span> <span class='ocrx_word' id='word_1_138' title='bbox 1264 2637 1369 2703; x_wconf 89' lang='lat' dir='ltr'>neque</span> 
     </span>
     <span class='ocr_line' id='line_1_25' title="bbox 147 2709 498 2785; baseline -0.014 0"><span class='ocrx_word' id='word_1_139' title='bbox 147 2730 255 2785; x_wconf 88' lang='lat' dir='ltr'>carast</span> <span class='ocrx_word' id='word_1_140' title='bbox 275 2719 386 2785; x_wconf 87' lang='lat' dir='ltr'>cordi‘.</span> <span class='ocrx_word' id='word_1_141' title='bbox 494 2709 498 2715; x_wconf 70' lang='grc'><strong>’</strong></span> 
     </span>
     <span class='ocr_line' id='line_1_26' title="bbox 191 2822 370 2888; baseline -0.006 0"><span class='ocrx_word' id='word_1_142' title='bbox 191 2825 284 2888; x_wconf 84' lang='lat' dir='ltr'>Mero.</span> <span class='ocrx_word' id='word_1_143' title='bbox 307 2822 370 2888; x_wconf 91' lang='grc'>303</span> 
     </span>
     <span class='ocr_line' id='line_1_27' title="bbox 234 2922 1013 3011; baseline -0.004 -21"><span class='ocrx_word' id='word_1_144' title='bbox 234 2926 278 2991; x_wconf 94' lang='lat' dir='ltr'>P:</span> <span class='ocrx_word' id='word_1_145' title='bbox 300 2924 409 2990; x_wconf 93' lang='lat' dir='ltr'>Hodie</span> <span class='ocrx_word' id='word_1_146' title='bbox 431 2925 478 2990; x_wconf 89' lang='lat' dir='ltr'>iro</span> <span class='ocrx_word' id='word_1_147' title='bbox 500 2925 533 2989; x_wconf 91' lang='lat' dir='ltr'>in</span> <span class='ocrx_word' id='word_1_148' title='bbox 555 2924 668 2990; x_wconf 91' lang='lat' dir='ltr'>ludum</span> <span class='ocrx_word' id='word_1_149' title='bbox 689 2923 802 3011; x_wconf 88' lang='lat' dir='ltr'>occepi</span> <span class='ocrx_word' id='word_1_150' title='bbox 822 2922 1013 2989; x_wconf 89' lang='lat' dir='ltr'>litterarium</span> 
     </span>
     <span class='ocr_line' id='line_1_28' title="bbox 234 3025 1048 3114; baseline -0.004 -21"><span class='ocrx_word' id='word_1_151' title='bbox 234 3030 279 3094; x_wconf 91' lang='lat' dir='ltr'>A:</span> <span class='ocrx_word' id='word_1_152' title='bbox 304 3027 413 3093; x_wconf 92' lang='lat' dir='ltr'>Hodie</span> <span class='ocrx_word' id='word_1_153' title='bbox 437 3028 502 3093; x_wconf 90' lang='lat' dir='ltr'>eire</span> <span class='ocrx_word' id='word_1_154' title='bbox 525 3028 635 3114; x_wconf 89' lang='lat' dir='ltr'>occepi</span> <span class='ocrx_word' id='word_1_155' title='bbox 657 3027 691 3091; x_wconf 92' lang='lat' dir='ltr'>in</span> <span class='ocrx_word' id='word_1_156' title='bbox 712 3026 825 3092; x_wconf 90' lang='lat' dir='ltr'>ludum</span> <span class='ocrx_word' id='word_1_157' title='bbox 846 3025 1048 3104; x_wconf 85' lang='lat' dir='ltr'>litterarium,</span> 
     </span>
     <span class='ocr_line' id='line_1_29' title="bbox 146 3129 790 3217; baseline -0.003 -18"><span class='ocrx_word' id='word_1_158' title='bbox 146 3133 243 3199; x_wconf 84' lang='lat' dir='ltr'>cuius</span> <span class='ocrx_word' id='word_1_159' title='bbox 266 3130 458 3217; x_wconf 84' lang='lat' dir='ltr'>scripturam</span> <span class='ocrx_word' id='word_1_160' title='bbox 482 3129 637 3197; x_wconf 84' lang='lat' dir='ltr'>Goetzius</span> <span class='ocrx_word' id='word_1_161' title='bbox 659 3129 790 3214; x_wconf 85' lang='lat' dir='ltr'>recepit.</span> 
     </span>
     <span class='ocr_line' id='line_1_30' title="bbox 195 3233 367 3299; baseline 0 0"><span class='ocrx_word' id='word_1_162' title='bbox 195 3233 281 3299; x_wconf 80' lang='lat' dir='ltr'>Truc.</span> <span class='ocrx_word' id='word_1_163' title='bbox 303 3233 367 3299; x_wconf 79' lang='lat'>308</span> 
     </span>
     <span class='ocr_line' id='line_1_31' title="bbox 234 3331 1120 3422; baseline -0.005 -20"><span class='ocrx_word' id='word_1_164' title='bbox 234 3335 278 3402; x_wconf 87' lang='lat' dir='ltr'>P:</span> <span class='ocrx_word' id='word_1_165' title='bbox 303 3335 345 3401; x_wconf 88' lang='lat' dir='ltr'>Ni</span> <span class='ocrx_word' id='word_1_166' title='bbox 368 3355 428 3422; x_wconf 88' lang='lat' dir='ltr'>ego</span> <span class='ocrx_word' id='word_1_167' title='bbox 451 3342 561 3397; x_wconf 88' lang='lat' dir='ltr'>vostra</span> <span class='ocrx_word' id='word_1_168' title='bbox 583 3354 638 3396; x_wconf 91' lang='lat' dir='ltr'>ero</span> <span class='ocrx_word' id='word_1_169' title='bbox 660 3331 774 3397; x_wconf 87' lang='lat' dir='ltr'>maiori</span> <span class='ocrx_word' id='word_1_170' title='bbox 796 3335 882 3398; x_wconf 88' lang='lat' dir='ltr'>facta</span> <span class='ocrx_word' id='word_1_171' title='bbox 904 3332 1120 3398; x_wconf 84' lang='lat' dir='ltr'>denarravero</span> 
     </span>
     <span class='ocr_line' id='line_1_32' title="bbox 235 3434 1135 3524; baseline -0.003 -20"><span class='ocrx_word' id='word_1_172' title='bbox 235 3440 282 3504; x_wconf 94' lang='lat' dir='ltr'><strong>A:</strong></span> <span class='ocrx_word' id='word_1_173' title='bbox 306 3436 351 3503; x_wconf 90' lang='lat' dir='ltr'>Ni</span> <span class='ocrx_word' id='word_1_174' title='bbox 374 3458 435 3524; x_wconf 86' lang='lat' dir='ltr'>ego</span> <span class='ocrx_word' id='word_1_175' title='bbox 458 3458 512 3501; x_wconf 88' lang='lat' dir='ltr'>ero</span> <span class='ocrx_word' id='word_1_176' title='bbox 533 3434 648 3499; x_wconf 89' lang='lat' dir='ltr'>maiori</span> <span class='ocrx_word' id='word_1_177' title='bbox 670 3444 781 3500; x_wconf 87' lang='lat' dir='ltr'>vostra</span> <span class='ocrx_word' id='word_1_178' title='bbox 803 3436 889 3499; x_wconf 84' lang='lat' dir='ltr'>facta</span> <span class='ocrx_word' id='word_1_179' title='bbox 912 3434 1135 3501; x_wconf 86' lang='lat' dir='ltr'>denarravero.</span> 
     </span>
    </p>
   </div>
   <div class='ocr_carea' id='block_1_5' title="bbox 148 3536 1059 3811">
    <p class='ocr_par' dir='ltr' id='par_1_5' title="bbox 148 3536 1059 3811">
     <span class='ocr_line' id='line_1_33' title="bbox 148 3536 846 3609; baseline -0.009 0"><span class='ocrx_word' id='word_1_180' title='bbox 148 3541 331 3609; x_wconf 88' lang='lat' dir='ltr'>Schoellius</span> <span class='ocrx_word' id='word_1_181' title='bbox 353 3538 563 3605; x_wconf 90' lang='lat' dir='ltr'>Ambrosiani</span> <span class='ocrx_word' id='word_1_182' title='bbox 584 3559 714 3602; x_wconf 80' lang='lat' dir='ltr'>versum</span> <span class='ocrx_word' id='word_1_183' title='bbox 737 3536 846 3603; x_wconf 88' lang='lat' dir='ltr'>edidit.</span> 
     </span>
     <span class='ocr_line' id='line_1_34' title="bbox 199 3638 1057 3710; baseline -0.008 -1"><span class='ocrx_word' id='word_1_184' title='bbox 199 3645 290 3710; x_wconf 60' lang='lat' dir='ltr'>Stoi:</span> <span class='ocrx_word' id='word_1_185' title='bbox 315 3643 377 3708; x_wconf 82' lang='lat'>133</span> <span class='ocrx_word' id='word_1_186' title='bbox 400 3643 441 3706; x_wconf 92' lang='lat' dir='ltr'><strong>P:</strong></span> <span class='ocrx_word' id='word_1_187' title='bbox 463 3641 578 3707; x_wconf 79' lang='lat' dir='ltr'>Placet</span> <span class='ocrx_word' id='word_1_188' title='bbox 599 3640 653 3705; x_wconf 91' lang='lat' dir='ltr'>ille</span> <span class='ocrx_word' id='word_1_189' title='bbox 676 3660 766 3705; x_wconf 87' lang='lat' dir='ltr'>meus</span> <span class='ocrx_word' id='word_1_190' title='bbox 788 3638 869 3702; x_wconf 82' lang='lat' dir='ltr'>mihi</span> <span class='ocrx_word' id='word_1_191' title='bbox 890 3638 1057 3704; x_wconf 88' lang='lat' dir='ltr'>mendicus</span> 
     </span>
     <span class='ocr_line' id='line_1_35' title="bbox 388 3740 1059 3811; baseline -0.006 -2"><span class='ocrx_word' id='word_1_192' title='bbox 388 3743 438 3811; x_wconf 89' lang='lat' dir='ltr'><strong>A:</strong></span> <span class='ocrx_word' id='word_1_193' title='bbox 459 3743 573 3808; x_wconf 77' lang='lat' dir='ltr'>Pldcet</span> <span class='ocrx_word' id='word_1_194' title='bbox 593 3742 648 3807; x_wconf 92' lang='lat' dir='ltr'>ille</span> <span class='ocrx_word' id='word_1_195' title='bbox 670 3740 748 3806; x_wconf 92' lang='lat' dir='ltr'>mihi</span> <span class='ocrx_word' id='word_1_196' title='bbox 770 3740 861 3805; x_wconf 74' lang='lat' dir='ltr'>meus</span> <span class='ocrx_word' id='word_1_197' title='bbox 883 3740 1059 3806; x_wconf 89' lang='lat' dir='ltr'>mendicus.</span> 
     </span>
    </p>
   </div>
   <div class='ocr_carea' id='block_1_6' title="bbox 193 3847 1370 4037">
    <p class='ocr_par' dir='ltr' id='par_1_6' title="bbox 193 3847 1370 4037">
     <span class='ocr_line' id='line_1_36' title="bbox 193 3847 393 3914; baseline -0.01 0"><span class='ocrx_word' id='word_1_198' title='bbox 193 3850 284 3914; x_wconf 79' lang='lat' dir='ltr'>Poen.</span> <span class='ocrx_word' id='word_1_199' title='bbox 310 3847 393 3912; x_wconf 83' lang='lat'>1228</span> 
     </span>
     <span class='ocr_line' id='line_1_37' title="bbox 233 3944 1370 4037; baseline -0.004 -20"><span class='ocrx_word' id='word_1_200' title='bbox 233 3952 275 4017; x_wconf 91' lang='lat' dir='ltr'><strong>P:</strong></span> <span class='ocrx_word' id='word_1_201' title='bbox 298 3950 396 4017; x_wconf 89' lang='lat' dir='ltr'>Nunc</span> <span class='ocrx_word' id='word_1_202' title='bbox 428 3949 483 4037; x_wconf 79' lang='lat' dir='ltr'>pol</span> <span class='ocrx_word' id='word_1_203' title='bbox 517 3969 579 4035; x_wconf 85' lang='lat' dir='ltr'>ego</span> <span class='ocrx_word' id='word_1_204' title='bbox 611 3959 641 4013; x_wconf 92' lang='lat' dir='ltr'>te</span> <span class='ocrx_word' id='word_1_205' title='bbox 674 3947 812 4013; x_wconf 90' lang='lat' dir='ltr'>ulciscar</span> <span class='ocrx_word' id='word_1_206' title='bbox 843 3944 960 4033; x_wconf 89' lang='lat' dir='ltr'>probe,</span> <span class='ocrx_word' id='word_1_207' title='bbox 993 3969 1068 4011; x_wconf 85' lang='lat' dir='ltr'>nam</span> <span class='ocrx_word' id='word_1_208' title='bbox 1096 3948 1174 4012; x_wconf 86' lang='lat' dir='ltr'>faxo</span> <span class='ocrx_word' id='word_1_209' title='bbox 1203 3969 1276 4011; x_wconf 82' lang='lat' dir='ltr'>mea</span> <span class='ocrx_word' id='word_1_210' title='bbox 1308 3948 1370 4012; x_wconf 85' lang='lat' dir='ltr'>eris</span> 
     </span>
    </p>
   </div>
   <div class='ocr_carea' id='block_1_7' title="bbox 151 4069 1372 4555">
    <p class='ocr_par' dir='ltr' id='par_1_7' title="bbox 1067 4070 1186 4112">
     <span class='ocr_line' id='line_1_38' title="bbox 1067 4070 1186 4112; baseline 0 0"><span class='ocrx_word' id='word_1_211' title='bbox 1067 4070 1082 4112; x_wconf 93' lang='lat' dir='ltr'>s</span> <span class='ocrx_word' id='word_1_212' title='bbox 1127 4070 1186 4112; x_wconf 89' lang='lat' dir='ltr'>nsa</span> 
     </span>
    </p>

    <p class='ocr_par' dir='ltr' id='par_1_8' title="bbox 151 4069 1372 4555">
     <span class='ocr_line' id='line_1_39' title="bbox 235 4069 1371 4241; baseline -0.007 -19"><span class='ocrx_word' id='word_1_213' title='bbox 235 4153 283 4222; x_wconf 93' lang='lat' dir='ltr'><strong>A:</strong></span> <span class='ocrx_word' id='word_1_214' title='bbox 305 4155 402 4222; x_wconf 90' lang='lat' dir='ltr'>Nunc</span> <span class='ocrx_word' id='word_1_215' title='bbox 432 4156 494 4241; x_wconf 71' lang='lat' dir='ltr'>ego</span> <span class='ocrx_word' id='word_1_216' title='bbox 520 4155 576 4240; x_wconf 92' lang='lat' dir='ltr'>pol</span> <span class='ocrx_word' id='word_1_217' title='bbox 603 4163 636 4218; x_wconf 90' lang='lat' dir='ltr'>te</span> <span class='ocrx_word' id='word_1_218' title='bbox 662 4153 802 4219; x_wconf 87' lang='lat' dir='ltr'>ulciscar</span> <span class='ocrx_word' id='word_1_219' title='bbox 834 4149 947 4238; x_wconf 88' lang='lat' dir='ltr'>probe,</span> <span class='ocrx_word' id='word_1_220' title='bbox 986 4173 1061 4215; x_wconf 90' lang='lat' dir='ltr'>nam</span> <span class='ocrx_word' id='word_1_221' title='bbox 1082 4069 1172 4215; x_wconf 64' lang='lat' dir='ltr'>lixo</span> <span class='ocrx_word' id='word_1_222' title='bbox 1203 4150 1267 4216; x_wconf 88' lang='lat' dir='ltr'>eris</span> <span class='ocrx_word' id='word_1_223' title='bbox 1299 4172 1371 4216; x_wconf 88' lang='lat' dir='ltr'>mea</span> 
     </span>
     <span class='ocr_line' id='line_1_40' title="bbox 151 4275 1372 4445; baseline -0.006 -20"><span class='ocrx_word' id='word_1_224' title='bbox 151 4359 339 4445; x_wconf 81' lang='lat' dir='ltr'>Geppertus</span> <span class='ocrx_word' id='word_1_225' title='bbox 354 4358 606 4423; x_wconf 90' lang='lat' dir='ltr'>Ambrosianum</span> <span class='ocrx_word' id='word_1_226' title='bbox 628 4366 758 4424; x_wconf 88' lang='lat' dir='ltr'>secutus</span> <span class='ocrx_word' id='word_1_227' title='bbox 780 4368 838 4436; x_wconf 81' lang='lat' dir='ltr'>est,</span> <span class='ocrx_word' id='word_1_228' title='bbox 861 4355 1018 4423; x_wconf 83' lang='lat' dir='ltr'>Goetzius</span> <span class='ocrx_word' id='word_1_229' title='bbox 1040 4275 1211 4444; x_wconf 43' lang='lat' dir='ltr'>:padopibslaet</span> <span class='ocrx_word' id='word_1_230' title='bbox 1225 4376 1293 4419; x_wconf 85' lang='lat' dir='ltr'>meo</span> <span class='ocrx_word' id='word_1_231' title='bbox 1313 4357 1372 4418; x_wconf 76' lang='lat' dir='ltr'>eris</span> 
     </span>
     <span class='ocr_line' id='line_1_41' title="bbox 153 4458 1371 4555; baseline 0 -29"><span class='ocrx_word' id='word_1_232' title='bbox 153 4461 252 4527; x_wconf 91' lang='lat' dir='ltr'>edens</span> <span class='ocrx_word' id='word_1_233' title='bbox 275 4484 403 4528; x_wconf 86' lang='lat' dir='ltr'>versum</span> <span class='ocrx_word' id='word_1_234' title='bbox 427 4461 510 4527; x_wconf 88' lang='lat' dir='ltr'>falso</span> <span class='ocrx_word' id='word_1_235' title='bbox 532 4460 711 4551; x_wconf 88' lang='lat' dir='ltr'>composuit</span> <span class='ocrx_word' id='word_1_236' title='bbox 732 4481 774 4530; x_wconf 79' lang='lat' dir='ltr'>ex</span> <span class='ocrx_word' id='word_1_237' title='bbox 795 4460 963 4555; x_wconf 85' lang='lat' dir='ltr'>utriusque</span> <span class='ocrx_word' id='word_1_238' title='bbox 985 4459 1179 4531; x_wconf 86' lang='lat' dir='ltr'>recensionis</span> <span class='ocrx_word' id='word_1_239' title='bbox 1202 4458 1371 4551; x_wconf 82' lang='lat' dir='ltr'>scriptura.</span> 
     </span>
    </p>
   </div>
   <div class='ocr_carea' id='block_1_8' title="bbox 0 0 1525 5220">
    <p class='ocr_par' dir='ltr' id='par_1_9' title="bbox 0 0 1525 5220">
     <span class='ocr_line' id='line_1_42' title="bbox 0 0 1525 5220; baseline 0 0"><span class='ocrx_word' id='word_1_240' title='bbox 0 0 1525 5220; x_wconf 95' lang='lat' dir='ltr'> </span> 
     </span>
    </p>
   </div>
  </div>
 </body>
</html>
