3038 5220
156 416 257 472 turam
285 409 356 473 sins
385 408 484 474 dubio
511 407 742 474 restituendam
771 420 870 494 copto,
903 419 933 471 et
962 407 1032 492 ipsa
1060 406 1139 473 satis
1168 405 1302 492 languet
1327 445 1369 459 -

154 529 256 593 nsque
283 510 370 575 cuim
396 509 558 575 adiectivo
587 511 675 577 velut
701 512 815 584 calido,
846 513 918 574 scito
945 509 1015 573 sim.
1051 509 1093 573 ad
1113 511 1234 575 consitio
1261 508 1370 575 addito

157 631 267 677 carcre
281 634 453 698 postumus
466 651 509 664 -
524 630 555 677 et
573 626 715 679 removet
730 615 791 677 nisi
808 613 916 677 oninia
930 610 1045 676 fallunt
1062 611 1105 689 id,
1122 633 1186 695 quo
1201 611 1371 698 interpola·

155 714 232 779 toris
253 736 354 802 opera
376 715 546 800 detegitur.
590 716 707 781 deinde
731 717 792 780 hoc
814 737 864 780 me
887 714 1029 790 offendit,
1053 714 1140 800 quod
1163 737 1183 778 a
1205 737 1285 781 voce
1300 719 1369 781 aar

154 838 217 881 non
238 818 399 883 sententia
421 830 478 885 aut
499 819 605 884 finalis
627 834 682 884 aut
705 818 937 904 interrogativa
959 815 1089 901 pendet,
1116 815 1150 879 id
1172 816 1259 904 quod
1281 818 1368 904 apud

152 916 304 987 Plautum
324 921 396 987 ficri
424 921 519 1000 solet,
548 921 743 1009 ubicumque
771 922 852 987 haec
883 942 949 985 vox
977 918 1193 996 deliberandi,
1226 919 1369 985 animum

154 1022 356 1101 attendendi,
384 1023 599 1108 prospiciendi
623 1024 786 1088 notionem
814 1021 920 1089 habet
974 1022 1084 1106 itaque
1112 1019 1200 1087 haud
1227 1020 1295 1087 scio
1326 1044 1370 1086 an

155 1121 196 1188 ds
214 1123 424 1191 Ambrosiani
449 1147 561 1192 versus
583 1126 708 1211 origine
729 1126 815 1191 idem
839 1126 962 1202 valeat,
985 1125 1071 1208 quod
1095 1125 1134 1189 de
1157 1146 1253 1190 versu
1275 1123 1368 1190 Pala·

155 1227 298 1296 tinorum.
307 1231 336 1316 ¹)

237 1332 329 1397 Marc.
352 1332 426 1396 bct.
449 1333 520 1398 548.
565 1330 728 1416 Demipho
755 1353 854 1395 senex
885 1332 985 1396 amori
1008 1354 1042 1396 se
1071 1331 1368 1419 obtemperaturum

160 1450 223 1497 esst
243 1434 409 1499 confirmat
431 1433 480 1498 his
503 1432 624 1498 verbis:

236 1535 284 1601 A:
307 1535 414 1602 Breve
437 1537 502 1601 iam
524 1536 677 1601 relicuom
701 1535 785 1601 vitae
808 1536 996 1621 spatiumst:
1019 1538 1098 1624 quin
1121 1560 1181 1625 ego

306 1638 493 1724 Voluptate,
516 1641 591 1704 vino
613 1651 645 1703 et
667 1662 775 1705 amore
798 1639 1011 1705 delectavere.

235 1741 276 1810 P:
298 1741 446 1809 Decurso
469 1742 609 1828 inspatio
632 1742 730 1807 breve
753 1744 839 1831 quod
863 1744 948 1807 vitae
970 1741 1156 1808 relicuomst
1167 1743 1193 1828 ³)

308 1843 491 1930 Voluptate,
513 1848 591 1911 vino
613 1857 645 1910 et
667 1869 776 1911 amore
800 1845 1010 1911 delectavere.

166 1942 224 2021 quis
254 1969 409 2031 umquam
442 1956 508 2011 tam
543 1949 704 2014 diversam
739 1949 883 2016 eiusdem
910 1947 1087 2012 sententiae
1114 1949 1251 2012 formam
1283 1948 1368 2013 inter

166 2040 296 2115 eiusdem
324 2049 490 2135 scriptoris
519 2052 647 2116 codices
676 2052 875 2116 intercedere
903 2051 1010 2118 vidit?
1045 2072 1142 2137 quam
1177 2050 1232 2137 qui
1266 2050 1368 2116 solitis

166 2141 393 2236 depravationis
424 2153 485 2217 viis
508 2165 617 2218 natam
640 2176 710 2219 esse
733 2152 849 2230 credit,
873 2175 999 2218 omnem
1028 2153 1170 2238 profecto
1197 2152 1369 2239 probabili·

163 2253 249 2320 utem
270 2255 369 2341 longe
394 2255 532 2323 excedit.
575 2269 687 2321 contra
709 2256 860 2321 facillime
884 2279 934 2320 res
957 2256 1139 2342 expeditur,
1168 2257 1195 2320 si
1217 2256 1271 2321 hic
1293 2280 1369 2344 quo·

160 2373 213 2442 que
240 2359 404 2425 diversam
434 2360 498 2423 iam
526 2361 557 2423 in
587 2359 725 2447 antiquis
754 2358 910 2435 fontibus,
945 2381 963 2422 e
997 2358 1113 2447 quibus
1146 2359 1369 2425 recensionum

160 2475 300 2528 suctores
315 2462 504 2540 hauserunt,
519 2464 707 2527 memoriam
722 2464 820 2527 fuisse
838 2463 1017 2527 statuimus.
1051 2472 1149 2549 atque
1161 2461 1369 2528 Ambrosiani

157 2563 308 2632 memoria
347 2564 386 2629 ad
427 2586 557 2628 manum
596 2566 698 2649 ipsius
736 2564 846 2629 Plauti
884 2565 1016 2650 propius
1055 2565 1208 2630 accedere
1241 2565 1369 2630 videtur

151 2685 246 2753 quam
270 2667 309 2745 P,
331 2667 388 2732 sed
411 2666 648 2732 retractationis
676 2667 779 2731 factae
807 2670 840 2730 in
869 2690 906 2731 eo
935 2690 1062 2755 quoque
1086 2669 1258 2754 vestigium
1289 2669 1367 2734 satis

147 2773 356 2858 perspicuum
379 2782 533 2856 superest.
578 2780 664 2834 recte
688 2770 772 2834 enim
801 2780 969 2833 senserunt
991 2771 1051 2835 viri
1083 2770 1169 2836 docti
1191 2773 1223 2836 in
1247 2773 1276 2836 A
1299 2795 1367 2838 sen-

145 2875 282 2943 tentiam
298 2874 526 2938 detrimentum
542 2873 705 2960 quoddam
728 2873 788 2936 etsi
811 2894 874 2935 non
897 2895 997 2956 grave
1013 2874 1123 2938 tulisse
1148 2884 1179 2937 et
1196 2873 1367 2940 subvenire

145 2978 343 3044 studuerunt
371 2977 554 3040 coniectura
581 2997 700 3051 ,amore
727 2975 761 3038 id
784 2972 1006 3050 delectavero‘,
1037 2975 1078 3040 ab
1101 2990 1238 3065 utraque
1260 3000 1367 3044 receu-

148 3083 240 3148 sione
263 3088 375 3145 contra
402 3082 557 3142 rationem
582 3078 798 3157 discedentes,
829 3099 904 3141 uam
926 3090 997 3144 utut
1024 3080 1057 3143 in
1080 3081 1245 3166 superiore
1272 3105 1367 3149 versu

147 3181 352 3250 recensiones
380 3181 517 3258 distant,
545 3181 681 3245 alterum
711 3180 912 3246 ecommuui
941 3182 1117 3268 archetypo
1144 3183 1292 3270 religiose
1315 3207 1368 3252 ex-

150 3296 351 3373 presserunt3
385 3306 489 3372 neque
517 3285 606 3349 vocis
633 3285 667 3347 id
694 3282 819 3369 indiget
846 3284 991 3349 recensio
1016 3284 1183 3364 Palatina3
1217 3287 1273 3352 sed
1306 3288 1368 3355 hoc

149 3389 266 3476 ipsum,
290 3387 377 3477 quod
404 3389 440 3450 id
461 3387 495 3450 in
517 3399 631 3452 neutra
654 3386 839 3451 recensione
868 3398 967 3465 extat,
1000 3388 1140 3454 dilucide
1169 3390 1368 3457 demonstrat

150 3491 181 3556 in
213 3492 377 3557 communi
405 3490 581 3575 archetypo
608 3489 779 3554 relativum
802 3492 884 3575 qood
905 3490 937 3553 in
961 3490 986 3553 P
1009 3490 1116 3557 adhuc
1139 3491 1293 3559 traditum
1314 3517 1367 3560 ex-

152 3596 263 3672 titisse,
285 3594 318 3657 in
342 3592 551 3658 Ambrosiani
574 3605 680 3658 autem
703 3592 880 3676 archetypo
902 3593 971 3657 eius
993 3593 1064 3657 loco
1079 3615 1192 3659 vocem
1214 3598 1278 3661 tom
1299 3618 1368 3682 per·

151 3719 262 3782 peram
277 3694 456 3761 subiectam
480 3718 568 3773 esse3
586 3718 680 3782 quem
698 3696 874 3759 sententiae
892 3695 1013 3760 hiatum
1028 3696 1104 3762 inde
1120 3697 1196 3761 oriri
1211 3721 1269 3763 nos
1291 3721 1368 3765 saue

152 3798 449 3875 animadvertimus,
474 3821 536 3863 non
551 3799 627 3862 item
645 3799 871 3862 animadvertit
887 3798 941 3886 qui
956 3823 1086 3863 versum
1101 3799 1207 3883 finxit3
1224 3801 1369 3868 eundem

149 3903 246 3968 etiam
280 3900 357 3966 alibi
386 3924 518 3966 versum
546 3902 691 3986 tetigisse
720 3923 760 3964 ex
788 3900 915 3966 insolito
945 3901 1035 3966 verbi
1062 3904 1203 3968 relcuom
1232 3916 1369 3971 accentu

236 4159 258 4228 ¹)
274 4158 395 4213 Prorsus
421 4158 477 4212 alio
499 4158 582 4211 modo
607 4162 635 4211 et
657 4157 731 4212 hunc
755 4159 848 4212 locum
872 4159 1007 4212 tractavit
1025 4158 1207 4228 Niemeyerus
1228 4178 1256 4229 p.
1279 4161 1313 4215 32
1340 4163 1369 4214 et

148 4246 233 4300 Marc.
250 4244 301 4299 547
320 4259 359 4311 sq.
375 4261 404 4312 p.
422 4245 437 4296 7
455 4259 494 4311 sq.

235 4347 258 4413 ¹)
275 4347 426 4415 reliqraonst
448 4344 545 4410 BGD,
568 4361 620 4414 pro
643 4361 697 4412 quo
720 4345 811 4397 forma
834 4344 1041 4413 quadrisyllabo
1065 4344 1240 4400 restituenda
1263 4349 1319 4411 est,
1344 4346 1370 4400 si

152 4432 263 4504 quidem
286 4446 382 4489 versus
405 4430 577 4495 formarunt,
607 4431 653 4504 qui
673 4430 857 4488 retractandis
876 4429 1028 4489 comoediis
1047 4447 1160 4507 operam
1178 4430 1323 4490 dederuut.
