3038 5220
738 267 781 336 49

350 470 443 556 Quae
466 474 510 538 mi
532 484 629 563 atque
652 477 764 542 amicis
788 478 913 563 placeat
937 477 1083 543 condicio
1106 479 1209 564 magis

147 597 277 663 prorsus
302 575 379 639 nihil
403 576 521 654 valent,
546 578 666 666 quippe
688 578 855 664 inquibus
878 580 1042 644 sententiis
1058 581 1226 646 correlatio
1249 605 1269 647 a
1291 605 1367 646 vera

147 680 336 742 attractione
371 701 434 743 non
462 678 666 746 mediocriter
688 682 817 748 diversa
846 682 1015 748 statuenda
1044 683 1102 760 sit3
1136 705 1196 748 nec
1224 683 1367 750 Lucretii

147 781 238 845 locus
262 780 354 865 (IIII
375 781 452 869 560)

231 883 321 970 Ergo
341 883 387 961 fit,
410 884 548 948 sonitum
570 897 606 948 ut
628 887 731 972 possis
754 887 882 971 sentire,
905 909 1008 974 neque
1030 886 1130 950 illam·

233 986 455 1051 internoscere
477 985 649 1052 verborum
671 991 829 1054 sententia
851 1012 935 1074 quae
958 990 1008 1070 sit,

148 1109 346 1173 quamquam
369 1089 401 1150 in
425 1110 463 1153 eo
486 1112 563 1153 vera
586 1092 734 1156 attractio
750 1091 957 1177 agnoscenda
979 1101 1037 1169 est,
1060 1089 1263 1156 adhibendus
1288 1102 1366 1168 erat,

147 1189 299 1276 quoniam
327 1189 388 1254 hoc
416 1190 487 1254 loco
516 1214 580 1255 non
609 1203 675 1256 tam
702 1193 838 1260 verbum
860 1194 1030 1278 pendentis
1060 1193 1233 1268 enuntiati,
1269 1215 1367 1275 quam

148 1313 286 1376 sequens
308 1315 486 1377 pronomen
509 1318 585 1380 qaae
607 1296 826 1361 antecedentis
854 1296 992 1361 nominis
1015 1318 1127 1360 casum
1151 1295 1297 1359 mutavit.
1333 1296 1367 1359 iu

146 1395 332 1462 uniuersum
366 1397 456 1460 Most.
490 1420 520 1464 v.
550 1397 611 1461 811
647 1409 716 1462 tum
749 1409 874 1465 tantum
906 1421 979 1463 cum
1007 1397 1138 1486 Epidici
1162 1420 1257 1462 versu
1293 1412 1366 1482 apte

147 1498 326 1584 comparari
350 1498 504 1583 testisque
526 1499 597 1564 loco
621 1501 713 1565 citari
729 1514 846 1588 posset,
870 1501 897 1563 si
919 1499 959 1563 de
982 1499 1141 1583 scriptura
1158 1497 1367 1575 ,exitiabilem

146 1622 206 1686 ego
227 1600 345 1664 faciam
366 1601 469 1666 hunc
491 1613 527 1665 ut
548 1601 604 1665 fiat
626 1602 726 1667 dies‘
750 1611 909 1686 ageretur.
955 1600 1072 1664 deinde
1096 1600 1183 1684 quod
1200 1600 1366 1666 Vahlenus

146 1703 265 1788 pergit:
303 1703 438 1781 „etenim
466 1702 618 1782 Plautus,
648 1715 683 1770 ut
712 1705 798 1793 quod
829 1704 927 1788 vulgo
958 1702 1075 1766 dicitur
1106 1701 1234 1779 ‚inciam
1257 1715 1292 1766 ut
1316 1702 1366 1767 hic

148 1805 216 1870 dies
239 1805 416 1872 exitiabilis
439 1805 504 1870 fiat‘
532 1806 646 1871 efferre
669 1806 750 1871 solet
777 1806 874 1882 ‚hunc
897 1803 981 1868 diem
1009 1804 1127 1868 faciam
1157 1815 1193 1868 ut
1218 1804 1275 1869 fiat
1298 1804 1364 1868 exi-

148 1907 278 1972 tiabilis‘
315 1908 360 1972 ita
390 1931 476 1973 nunc
503 1909 632 1973 inverso
661 1909 773 1972 ordine
799 1906 913 1971 maluit
945 1905 1153 1981 ‚exitiabilem
1184 1906 1302 1970 faciam
1332 1918 1368 1971 ut

149 2010 200 2075 hic
234 2011 290 2075 fiat
330 2011 421 2075 dies!
469 2012 503 2075 in
538 2012 600 2077 hac
633 2022 740 2075 autem
775 2011 982 2076 collocatione
1015 2009 1056 2074 de
1090 2009 1250 2074 communi
1280 2030 1368 2073 more

150 2115 306 2177 sermonis
339 2113 483 2178 Plautini
515 2114 565 2191 fit,
607 2127 641 2179 ut
673 2137 789 2180 nomen
823 2114 994 2202 pendentis
1033 2111 1190 2177 enuntiati
1222 2133 1368 2176 normam

151 2223 340 2299 sequatur“:
379 2215 459 2279 haec
489 2215 557 2279 eius
591 2217 750 2281 sententia
783 2217 903 2302 (neque
938 2215 1023 2279 enim
1057 2212 1368 2297 argumentationem

150 2317 305 2402 dixerim)
326 2317 450 2405 aliquid
473 2318 609 2396 valeret,
640 2319 668 2383 si
690 2319 913 2388 recensionum
941 2317 1123 2382 testimonia
1146 2316 1366 2398 concinerent3

148 2421 205 2484 sed
229 2444 302 2485 cum
332 2420 417 2485 solus
448 2419 680 2486 Ambrosianus
707 2421 793 2486 hanc
821 2431 1015 2485 structuram
1044 2418 1194 2484 aPlauti
1222 2439 1368 2483 sermone

148 2523 286 2586 alienam
314 2521 482 2607 praebeat,
517 2523 619 2587 altera
647 2533 755 2589 autem
787 2525 932 2588 recensio
961 2522 1026 2608 legi
1055 2519 1183 2587 cuidam
1212 2521 1368 2584 sermonis

146 2625 292 2692 Plautini
330 2637 362 2691 et
395 2627 424 2691 ei
457 2626 587 2711 quidem
621 2625 827 2693 reconditiori
861 2627 939 2691 satis
970 2624 1083 2700 faciat,
1117 2623 1171 2687 ille
1198 2622 1232 2686 in
1261 2644 1295 2687 se
1318 2645 1368 2687 su-

146 2731 324 2814 spicionem
359 2731 565 2795 correctionis
593 2731 698 2795 factae
727 2740 892 2795 convertat
923 2748 1053 2793 necesse
1081 2735 1138 2790 est.
1169 2725 1254 2808 quod
1283 2724 1368 2788 enim

147 2833 260 2896 attinet
295 2831 338 2896 ad
371 2834 594 2897 attractionem
627 2833 716 2918 apud
746 2833 881 2898 verbum
908 2828 1049 2895 faciendi
1072 2828 1265 2903 admissam,
1299 2826 1367 2892 eius

145 2934 241 3020 longe
272 2933 419 3018 plurimis
448 2934 527 2999 locis
550 2957 588 2999 ea
611 2947 659 3000 est
680 2935 771 3016 ratic,
796 2944 831 2998 ut
853 2933 1035 2999 subiectum
1057 2931 1234 2995 sententiae
1256 2950 1368 2993 secuu-

147 3037 258 3101 dariae
280 3035 313 3099 in
336 3036 497 3102 obiectum
526 3035 617 3102 verbi
640 3037 746 3122 facere
775 3045 932 3113 mutetur,
961 3035 1184 3120 praedicatum
1211 3034 1368 3100 intactum

145 3137 367 3224 relinquatur3
389 3139 475 3203 velut
498 3139 570 3202 Aul.
592 3137 657 3201 443
679 3159 749 3224 ‚ego
779 3148 809 3202 te
836 3138 955 3202 faciam
985 3138 1194 3203 miserrumus
1224 3136 1368 3201 mortalis

147 3251 182 3306 ut
205 3241 259 3304 sis‘
288 3251 320 3305 et
348 3241 395 3305 sic
422 3239 561 3326 saepius.
606 3240 707 3304 multo
737 3240 840 3308 rarius
870 3263 910 3305 ea
937 3253 1098 3307 structura
1124 3240 1297 3321 invenitur,
1332 3251 1368 3305 ut

146 3344 323 3408 sententiae
341 3343 552 3408 secundariae
568 3355 599 3408 et
618 3342 797 3408 subiectum
815 3354 847 3409 et
863 3344 1086 3428 praedicatum
1105 3343 1146 3428 (si
1163 3341 1366 3407 substantivo

147 3447 198 3510 vel
221 3447 381 3511 adiectivo
403 3445 555 3533 efficitur)
577 3445 612 3510 in
633 3445 759 3511 obieeta
782 3444 872 3510 verbi
889 3447 993 3533 facere
1014 3454 1193 3528 mutentur3
1217 3445 1305 3509 velut

232 3549 324 3612 Poea.
347 3547 411 3612 454
1065 3565 1126 3611 nec
1147 3545 1238 3630 potui
1259 3555 1368 3610 tamen

456 3649 636 3734 Propitiam
658 3649 820 3718 Venerem
842 3651 949 3713 lacere
973 3661 1006 3714 ut
1029 3649 1159 3713 tandem
1182 3658 1266 3713 esset
1287 3648 1368 3712 mihi

233 3754 317 3817 Pers.
341 3752 404 3817 760
446 3751 530 3816 Inde
563 3774 624 3838 ego
662 3752 766 3816 omnis
800 3750 934 3829 hilaros,
973 3751 1128 3828 lubentia,
1164 3749 1367 3816 laetificantis

1093 3853 1211 3919 faciam
1234 3864 1269 3919 ut
1290 3853 1369 3918 fiant

232 3959 306 4020 Aul.
329 3956 391 4021 797
435 3955 541 4041 Quem
569 3978 630 4041 ego
660 3978 755 4021 avom
780 3957 843 4021 feci
871 3957 936 4020 iam
965 3968 1000 4021 ut
1028 3979 1114 4022 esses
1141 3956 1219 4021 filiai
1241 3955 1362 4041 nuptiis

148 4082 285 4144 eamque
297 4071 501 4142 structuram,
521 4080 619 4143 quam
636 4076 803 4145 praeterea
818 4079 882 4122 non
900 4060 1019 4139 inveni,
1037 4060 1183 4125 videmus
1198 4059 1366 4123 Palatinos

149 4185 245 4228 versu
267 4161 412 4247 Epidici,
443 4162 484 4228 de
506 4183 570 4246 quo
592 4161 729 4248 agimus,
760 4160 920 4227 exhibere.
965 4185 1125 4251 nusquam
1148 4172 1255 4226 autem
1277 4181 1367 4246 prae-

148 4264 291 4330 dicatum
325 4266 501 4330 sententiae
534 4263 746 4330 secundariae
779 4263 821 4329 ad
849 4264 985 4330 verbum
1014 4263 1153 4328 faciendi
1181 4262 1364 4339 attrahitur,

148 4389 223 4432 cum
247 4366 426 4432 subiectum
449 4367 607 4434 intactum
635 4367 843 4455 relinquatur,
867 4366 901 4430 id
923 4356 1010 4451 quod
1033 4365 1162 4452 Epidici
1184 4386 1280 4428 versu
1303 4385 1369 4427 cor-

148 4480 255 4539 rector
268 4468 480 4535 Ambrosiani
492 4469 638 4534 instituit.
667 4467 775 4555 itaque
786 4467 996 4532 Ambrosiani
1013 4468 1206 4555 scripturam
1219 4465 1370 4554 analogia

1183 4588 1201 4641 4
