<?xml version="1.0" encoding="UTF-8"?>
<!DOCTYPE html PUBLIC "-//W3C//DTD XHTML 1.0 Transitional//EN"
    "http://www.w3.org/TR/xhtml1/DTD/xhtml1-transitional.dtd">
<html xmlns="http://www.w3.org/1999/xhtml" xml:lang="en" lang="en">
 <head>
  <title>
</title>
<meta http-equiv="Content-Type" content="text/html;charset=utf-8" />
  <meta name='ocr-system' content='tesseract 3.04.00' />
  <meta name='ocr-capabilities' content='ocr_page ocr_carea ocr_par ocr_line ocrx_word'/>
</head>
<body>
  <div class='ocr_page' id='page_1' title='image "./deplautifabular01baiegoog_0073.png"; bbox 0 0 3082 5228; ppageno 0'>
   <div class='ocr_carea' id='block_1_1' title="bbox 716 244 872 349">
    <p class='ocr_par' dir='ltr' id='par_1_1' title="bbox 669 244 872 349">
     <span class='ocr_line' id='line_1_1' title="bbox 716 244 872 349; baseline 0.015 -1.305"><span class='ocrx_word' id='word_1_1' title='bbox 669 244 872 349; x_wconf 54' lang='lat' dir='ltr'><strong>..ie-.-</strong></span> 
     </span>
    </p>
   </div>
   <div class='ocr_carea' id='block_1_2' title="bbox 64 453 1385 4540">
    <p class='ocr_par' dir='ltr' id='par_1_2' title="bbox 157 453 1385 1748">
     <span class='ocr_line' id='line_1_2' title="bbox 160 453 1385 542; baseline -0.002 -21"><span class='ocrx_word' id='word_1_2' title='bbox 160 457 253 522; x_wconf 91' lang='lat' dir='ltr'><strong>einen</strong></span> <span class='ocrx_word' id='word_1_3' title='bbox 269 455 390 521; x_wconf 80' lang='lat' dir='ltr'><strong>&#39;l&#39;lraler</strong></span> <span class='ocrx_word' id='word_1_4' title='bbox 412 455 569 541; x_wconf 82' lang='lat' dir='ltr'><strong>borgen?‘</strong></span> <span class='ocrx_word' id='word_1_5' title='bbox 592 463 625 519; x_wconf 94' lang='lat' dir='ltr'><strong>at</strong></span> <span class='ocrx_word' id='word_1_6' title='bbox 647 478 708 520; x_wconf 89' lang='lat' dir='ltr'><strong>non</strong></span> <span class='ocrx_word' id='word_1_7' title='bbox 725 455 891 541; x_wconf 79' lang='lat' dir='ltr'>perspexit</span> <span class='ocrx_word' id='word_1_8' title='bbox 913 455 963 519; x_wconf 90' lang='lat' dir='ltr'><strong>vir</strong></span> <span class='ocrx_word' id='word_1_9' title='bbox 979 453 1195 534; x_wconf 89' lang='lat' dir='ltr'><strong>doctissimus,</strong></span> <span class='ocrx_word' id='word_1_10' title='bbox 1218 454 1301 542; x_wconf 90' lang='lat' dir='ltr'><strong>quid</strong></span> <span class='ocrx_word' id='word_1_11' title='bbox 1324 453 1385 521; x_wconf 88' lang='lat' dir='ltr'><strong>sibi</strong></span> 
     </span>
     <span class='ocr_line' id='line_1_3' title="bbox 158 555 1384 644; baseline -0.002 -21"><span class='ocrx_word' id='word_1_12' title='bbox 158 559 237 624; x_wconf 91' lang='lat' dir='ltr'><strong>velit</strong></span> <span class='ocrx_word' id='word_1_13' title='bbox 253 583 341 623; x_wconf 81' lang='lat' dir='ltr'><strong>naar.</strong></span> <span class='ocrx_word' id='word_1_14' title='bbox 386 558 550 643; x_wconf 85' lang='lat' dir='ltr'><strong>extemplo</strong></span> <span class='ocrx_word' id='word_1_15' title='bbox 566 559 650 622; x_wconf 91' lang='lat' dir='ltr'><strong>enim</strong></span> <span class='ocrx_word' id='word_1_16' title='bbox 667 555 819 622; x_wconf 78' lang='lat' dir='ltr'>Calidoro</span> <span class='ocrx_word' id='word_1_17' title='bbox 841 557 1019 622; x_wconf 89' lang='lat' dir='ltr'><strong>drachuma</strong></span> <span class='ocrx_word' id='word_1_18' title='bbox 1041 578 1122 644; x_wconf 87' lang='lat' dir='ltr'><strong>opus</strong></span> <span class='ocrx_word' id='word_1_19' title='bbox 1145 570 1223 633; x_wconf 86' lang='lat' dir='ltr'><strong>erat,</strong></span> <span class='ocrx_word' id='word_1_20' title='bbox 1246 567 1284 622; x_wconf 91' lang='lat' dir='ltr'><strong>ut</strong></span> <span class='ocrx_word' id='word_1_21' title='bbox 1307 557 1384 623; x_wconf 89' lang='lat' dir='ltr'><strong>resti</strong></span> 
     </span>
     <span class='ocr_line' id='line_1_4' title="bbox 161 656 1383 747; baseline -0.002 -21"><span class='ocrx_word' id='word_1_22' title='bbox 161 673 269 747; x_wconf 91' lang='lat' dir='ltr'><strong>empta</strong></span> <span class='ocrx_word' id='word_1_23' title='bbox 292 683 389 745; x_wconf 89' lang='lat' dir='ltr'><strong>quam</strong></span> <span class='ocrx_word' id='word_1_24' title='bbox 413 660 565 725; x_wconf 80' lang='lat' dir='ltr'><strong>citissime</strong></span> <span class='ocrx_word' id='word_1_25' title='bbox 588 682 622 724; x_wconf 91' lang='lat' dir='ltr'><strong>se</strong></span> <span class='ocrx_word' id='word_1_26' title='bbox 644 659 871 747; x_wconf 74' lang='lat' dir='ltr'><strong>suspenderet:</strong></span> <span class='ocrx_word' id='word_1_27' title='bbox 900 661 941 723; x_wconf 88' lang='lat' dir='ltr'><strong>cf.</strong></span> <span class='ocrx_word' id='word_1_28' title='bbox 965 680 994 722; x_wconf 93' lang='lat' dir='ltr'><strong>v.</strong></span> <span class='ocrx_word' id='word_1_29' title='bbox 1018 656 1075 722; x_wconf 82' lang='lat'><strong>90:</strong></span> <span class='ocrx_word' id='word_1_30' title='bbox 1106 656 1283 737; x_wconf 80' lang='lat' dir='ltr'><strong>,Certumst</strong></span> <span class='ocrx_word' id='word_1_31' title='bbox 1305 659 1383 724; x_wconf 89' lang='lat' dir='ltr'><strong>mihi</strong></span> 
     </span>
     <span class='ocr_line' id='line_1_5' title="bbox 157 760 1382 850; baseline -0.002 -21"><span class='ocrx_word' id='word_1_32' title='bbox 157 775 231 829; x_wconf 88' lang='lat' dir='ltr'><strong>aute</strong></span> <span class='ocrx_word' id='word_1_33' title='bbox 265 762 414 828; x_wconf 79' lang='lat' dir='ltr'><strong>tenebras</strong></span> <span class='ocrx_word' id='word_1_34' title='bbox 442 762 591 839; x_wconf 74' lang='lat' dir='ltr'><strong>tenebras</strong></span> <span class='ocrx_word' id='word_1_35' title='bbox 626 762 797 850; x_wconf 88' lang='lat' dir='ltr'><strong>persequi‘.</strong></span> <span class='ocrx_word' id='word_1_36' title='bbox 842 761 907 825; x_wconf 91' lang='lat' dir='ltr'><strong>iam</strong></span> <span class='ocrx_word' id='word_1_37' title='bbox 937 781 1002 825; x_wconf 92' lang='lat' dir='ltr'><strong>non</strong></span> <span class='ocrx_word' id='word_1_38' title='bbox 1032 760 1165 826; x_wconf 91' lang='lat' dir='ltr'><strong>dubium</strong></span> <span class='ocrx_word' id='word_1_39' title='bbox 1193 783 1263 826; x_wconf 88' lang='lat' dir='ltr'><strong>esse</strong></span> <span class='ocrx_word' id='word_1_40' title='bbox 1293 773 1382 848; x_wconf 90' lang='lat' dir='ltr'><strong>puto,</strong></span> 
     </span>
     <span class='ocr_line' id='line_1_6' title="bbox 159 863 1381 950; baseline -0.001 -19"><span class='ocrx_word' id='word_1_41' title='bbox 159 879 266 931; x_wconf 90' lang='lat' dir='ltr'><strong>utrum</strong></span> <span class='ocrx_word' id='word_1_42' title='bbox 290 866 324 929; x_wconf 94' lang='lat' dir='ltr'><strong>in</strong></span> <span class='ocrx_word' id='word_1_43' title='bbox 346 888 424 928; x_wconf 82' lang='lat' dir='ltr'><strong>rruoc</strong></span> <span class='ocrx_word' id='word_1_44' title='bbox 445 866 547 929; x_wconf 91' lang='lat' dir='ltr'><strong>maior</strong></span> <span class='ocrx_word' id='word_1_45' title='bbox 570 865 619 929; x_wconf 91' lang='lat' dir='ltr'><strong>vis</strong></span> <span class='ocrx_word' id='word_1_46' title='bbox 648 865 724 928; x_wconf 92' lang='lat' dir='ltr'><strong>insit</strong></span> <span class='ocrx_word' id='word_1_47' title='bbox 757 887 799 928; x_wconf 94' lang='lat' dir='ltr'><strong>an</strong></span> <span class='ocrx_word' id='word_1_48' title='bbox 828 864 862 928; x_wconf 92' lang='lat' dir='ltr'><strong>in</strong></span> <span class='ocrx_word' id='word_1_49' title='bbox 884 875 926 927; x_wconf 84' lang='lat' dir='ltr'><strong>tu.</strong></span> <span class='ocrx_word' id='word_1_50' title='bbox 950 863 989 926; x_wconf 90' lang='lat' dir='ltr'><strong>de</strong></span> <span class='ocrx_word' id='word_1_51' title='bbox 1018 864 1127 948; x_wconf 89' lang='lat' dir='ltr'><strong>priore</strong></span> <span class='ocrx_word' id='word_1_52' title='bbox 1155 884 1269 928; x_wconf 87' lang='lat' dir='ltr'><strong>versus</strong></span> <span class='ocrx_word' id='word_1_53' title='bbox 1290 874 1381 950; x_wconf 84' lang='lat' dir='ltr'><strong>parte</strong></span> 
     </span>
     <span class='ocr_line' id='line_1_7' title="bbox 157 964 1382 1057; baseline -0.001 -24"><span class='ocrx_word' id='word_1_54' title='bbox 157 968 304 1035; x_wconf 88' lang='lat' dir='ltr'><strong>Muelleri</strong></span> <span class='ocrx_word' id='word_1_55' title='bbox 341 967 496 1032; x_wconf 90' lang='lat' dir='ltr'><strong>iudicium</strong></span> <span class='ocrx_word' id='word_1_56' title='bbox 527 965 628 1054; x_wconf 92' lang='lat' dir='ltr'><strong>probo</strong></span> <span class='ocrx_word' id='word_1_57' title='bbox 656 969 747 1054; x_wconf 84' lang='lat' dir='ltr'><strong>(add.</strong></span> <span class='ocrx_word' id='word_1_58' title='bbox 770 990 802 1054; x_wconf 91' lang='lat' dir='ltr'><strong>p.</strong></span> <span class='ocrx_word' id='word_1_59' title='bbox 828 966 917 1052; x_wconf 84' lang='lat'>138),</span> <span class='ocrx_word' id='word_1_60' title='bbox 947 965 999 1030; x_wconf 89' lang='lat' dir='ltr'><strong>cui</strong></span> <span class='ocrx_word' id='word_1_61' title='bbox 1028 968 1092 1028; x_wconf 84' lang='lat' dir='ltr'><strong>iam</strong></span> <span class='ocrx_word' id='word_1_62' title='bbox 1118 964 1159 1029; x_wconf 87' lang='lat' dir='ltr'><strong>ed</strong></span> <span class='ocrx_word' id='word_1_63' title='bbox 1188 966 1382 1057; x_wconf 84' lang='lat' dir='ltr'><strong>sententiam</strong></span> 
     </span>
     <span class='ocr_line' id='line_1_8' title="bbox 158 1067 1383 1158; baseline -0.001 -22"><span class='ocrx_word' id='word_1_64' title='bbox 158 1071 265 1158; x_wconf 90' lang='lat' dir='ltr'><strong>aptius</strong></span> <span class='ocrx_word' id='word_1_65' title='bbox 288 1070 412 1135; x_wconf 89' lang='lat' dir='ltr'><strong>dictum</strong></span> <span class='ocrx_word' id='word_1_66' title='bbox 435 1070 572 1147; x_wconf 89' lang='lat' dir='ltr'><strong>videtur,</strong></span> <span class='ocrx_word' id='word_1_67' title='bbox 595 1092 692 1154; x_wconf 89' lang='lat' dir='ltr'><strong>quem</strong></span> <span class='ocrx_word' id='word_1_68' title='bbox 716 1071 820 1144; x_wconf 74' lang='lat' dir='ltr'><strong>laodic:</strong></span> <span class='ocrx_word' id='word_1_69' title='bbox 849 1067 937 1155; x_wconf 92' lang='lat' dir='ltr'><strong>quod</strong></span> <span class='ocrx_word' id='word_1_70' title='bbox 964 1067 992 1132; x_wconf 93' lang='lat' dir='ltr'><strong>si</strong></span> <span class='ocrx_word' id='word_1_71' title='bbox 1016 1068 1049 1131; x_wconf 93' lang='lat' dir='ltr'><strong>in</strong></span> <span class='ocrx_word' id='word_1_72' title='bbox 1072 1068 1106 1131; x_wconf 83' lang='lat' dir='ltr'><strong>A</strong></span> <span class='ocrx_word' id='word_1_73' title='bbox 1129 1079 1256 1133; x_wconf 68' lang='lat' dir='ltr'><strong>actam</strong></span> <span class='ocrx_word' id='word_1_74' title='bbox 1277 1071 1317 1134; x_wconf 76' lang='lat' dir='ltr'><strong>da</strong></span> <span class='ocrx_word' id='word_1_75' title='bbox 1337 1090 1383 1135; x_wconf 77' lang='lat' dir='ltr'><strong>on</strong></span> 
     </span>
     <span class='ocr_line' id='line_1_9' title="bbox 157 1170 1383 1258; baseline 0.001 -22"><span class='ocrx_word' id='word_1_76' title='bbox 157 1175 245 1238; x_wconf 74' lang='lat' dir='ltr'><strong>laodic</strong></span> <span class='ocrx_word' id='word_1_77' title='bbox 266 1174 365 1237; x_wconf 87' lang='lat' dir='ltr'><strong>fuisse</strong></span> <span class='ocrx_word' id='word_1_78' title='bbox 388 1195 429 1237; x_wconf 87' lang='lat' dir='ltr'><strong>ex</strong></span> <span class='ocrx_word' id='word_1_79' title='bbox 452 1172 565 1258; x_wconf 91' lang='lat' dir='ltr'><strong>spatiis</strong></span> <span class='ocrx_word' id='word_1_80' title='bbox 588 1171 765 1236; x_wconf 90' lang='lat' dir='ltr'><strong>litterarum</strong></span> <span class='ocrx_word' id='word_1_81' title='bbox 788 1171 1029 1258; x_wconf 85' lang='lat' dir='ltr'><strong>deperditarum</strong></span> <span class='ocrx_word' id='word_1_82' title='bbox 1052 1191 1125 1235; x_wconf 92' lang='lat' dir='ltr'><strong>cum</strong></span> <span class='ocrx_word' id='word_1_83' title='bbox 1142 1170 1275 1237; x_wconf 86' lang='lat' dir='ltr'><strong>Loewio</strong></span> <span class='ocrx_word' id='word_1_84' title='bbox 1297 1172 1383 1237; x_wconf 91' lang='lat' dir='ltr'><strong>colli·</strong></span> 
     </span>
     <span class='ocr_line' id='line_1_10' title="bbox 160 1273 1383 1361; baseline 0.001 -23"><span class='ocrx_word' id='word_1_85' title='bbox 160 1275 278 1360; x_wconf 85' lang='lat' dir='ltr'><strong>gimus‚</strong></span> <span class='ocrx_word' id='word_1_86' title='bbox 306 1275 359 1338; x_wconf 91' lang='lat' dir='ltr'><strong>hic</strong></span> <span class='ocrx_word' id='word_1_87' title='bbox 382 1296 509 1361; x_wconf 88' lang='lat' dir='ltr'><strong>quoque</strong></span> <span class='ocrx_word' id='word_1_88' title='bbox 532 1273 738 1339; x_wconf 90' lang='lat' dir='ltr'><strong>Ambrosiani</strong></span> <span class='ocrx_word' id='word_1_89' title='bbox 760 1273 903 1351; x_wconf 85' lang='lat' dir='ltr'><strong>recensio</strong></span> <span class='ocrx_word' id='word_1_90' title='bbox 925 1273 1096 1337; x_wconf 89' lang='lat' dir='ltr'><strong>statuenda</strong></span> <span class='ocrx_word' id='word_1_91' title='bbox 1118 1283 1181 1350; x_wconf 92' lang='lat' dir='ltr'><strong>est;</strong></span> <span class='ocrx_word' id='word_1_92' title='bbox 1210 1296 1286 1339; x_wconf 90' lang='lat' dir='ltr'><strong>nam</strong></span> <span class='ocrx_word' id='word_1_93' title='bbox 1309 1295 1383 1339; x_wconf 91' lang='lat' dir='ltr'><strong>cum</strong></span> 
     </span>
     <span class='ocr_line' id='line_1_11' title="bbox 163 1375 1385 1463; baseline 0.001 -23"><span class='ocrx_word' id='word_1_94' title='bbox 163 1377 197 1440; x_wconf 92' lang='lat' dir='ltr'><strong>in</strong></span> <span class='ocrx_word' id='word_1_95' title='bbox 221 1376 433 1463; x_wconf 87' lang='lat' dir='ltr'><strong>archetypum</strong></span> <span class='ocrx_word' id='word_1_96' title='bbox 448 1378 615 1460; x_wconf 91' lang='lat' dir='ltr'><strong>utriusque</strong></span> <span class='ocrx_word' id='word_1_97' title='bbox 639 1398 750 1440; x_wconf 86' lang='lat' dir='ltr'><strong>versus</strong></span> <span class='ocrx_word' id='word_1_98' title='bbox 772 1378 860 1440; x_wconf 75' lang='lat' dir='ltr'><strong>laodic</strong></span> <span class='ocrx_word' id='word_1_99' title='bbox 874 1375 1053 1451; x_wconf 87' lang='lat' dir='ltr'><strong>invasisset,</strong></span> <span class='ocrx_word' id='word_1_100' title='bbox 1075 1397 1204 1441; x_wconf 89' lang='lat' dir='ltr'><strong>versum</strong></span> <span class='ocrx_word' id='word_1_101' title='bbox 1221 1375 1385 1441; x_wconf 90' lang='lat' dir='ltr'><strong>turbatum</strong></span> 
     </span>
     <span class='ocr_line' id='line_1_12' title="bbox 163 1477 1383 1564; baseline 0 -20"><span class='ocrx_word' id='word_1_102' title='bbox 163 1479 384 1544; x_wconf 88' lang='lat' dir='ltr'><strong>Palatinorum</strong></span> <span class='ocrx_word' id='word_1_103' title='bbox 415 1478 538 1542; x_wconf 89' lang='lat' dir='ltr'><strong>librarii</strong></span> <span class='ocrx_word' id='word_1_104' title='bbox 572 1479 719 1564; x_wconf 86' lang='lat' dir='ltr'><strong>religiose</strong></span> <span class='ocrx_word' id='word_1_105' title='bbox 757 1478 1009 1563; x_wconf 90' lang='lat' dir='ltr'><strong>descripserunt,</strong></span> <span class='ocrx_word' id='word_1_106' title='bbox 1042 1477 1254 1543; x_wconf 90' lang='lat' dir='ltr'><strong>Ambrosiani</strong></span> <span class='ocrx_word' id='word_1_107' title='bbox 1274 1489 1383 1544; x_wconf 90' lang='lat' dir='ltr'><strong>eutem</strong></span> 
     </span>
     <span class='ocr_line' id='line_1_13' title="bbox 162 1576 1383 1667; baseline 0.002 -23"><span class='ocrx_word' id='word_1_108' title='bbox 162 1591 323 1645; x_wconf 89' lang='lat' dir='ltr'><strong>corrector</strong></span> <span class='ocrx_word' id='word_1_109' title='bbox 338 1581 432 1642; x_wconf 90' lang='lat' dir='ltr'><strong>metri</strong></span> <span class='ocrx_word' id='word_1_110' title='bbox 454 1579 559 1664; x_wconf 85' lang='lat' dir='ltr'><strong>gratia</strong></span> <span class='ocrx_word' id='word_1_111' title='bbox 575 1576 750 1665; x_wconf 85' lang='lat' dir='ltr'><strong>genuinam</strong></span> <span class='ocrx_word' id='word_1_112' title='bbox 766 1579 914 1645; x_wconf 86' lang='lat' dir='ltr'><strong>voculam</strong></span> <span class='ocrx_word' id='word_1_113' title='bbox 929 1582 993 1643; x_wconf 86' lang='lat' dir='ltr'><strong>iam</strong></span> <span class='ocrx_word' id='word_1_114' title='bbox 1008 1579 1138 1659; x_wconf 90' lang='lat' dir='ltr'><strong>delevit,</strong></span> <span class='ocrx_word' id='word_1_115' title='bbox 1155 1582 1383 1667; x_wconf 77' lang='lat' dir='ltr'><strong>interpolatam</strong></span> 
     </span>
     <span class='ocr_line' id='line_1_14' title="bbox 160 1681 421 1748; baseline 0.011 -3"><span class='ocrx_word' id='word_1_116' title='bbox 160 1684 248 1745; x_wconf 81' lang='lat' dir='ltr'><strong>bodie</strong></span> <span class='ocrx_word' id='word_1_117' title='bbox 270 1681 421 1748; x_wconf 87' lang='lat' dir='ltr'><strong>servavit.</strong></span> 
     </span>
    </p>

    <p class='ocr_par' dir='ltr' id='par_1_3' title="bbox 152 1783 1383 2587">
     <span class='ocr_line' id='line_1_15' title="bbox 241 1783 1383 1872; baseline 0.003 -23"><span class='ocrx_word' id='word_1_118' title='bbox 241 1784 334 1850; x_wconf 77' lang='lat' dir='ltr'><strong>Stich.</strong></span> <span class='ocrx_word' id='word_1_119' title='bbox 346 1784 382 1860; x_wconf 85' lang='lat'><strong>4;</strong></span> <span class='ocrx_word' id='word_1_120' title='bbox 394 1783 434 1847; x_wconf 84' lang='lat' dir='ltr'><strong>cf.</strong></span> <span class='ocrx_word' id='word_1_121' title='bbox 448 1783 849 1849; x_wconf 89' lang='lat' dir='ltr'><strong>Buecheler-Windekilde</strong></span> <span class='ocrx_word' id='word_1_122' title='bbox 862 1787 899 1848; x_wconf 86' lang='lat' dir='ltr'><strong>de</strong></span> <span class='ocrx_word' id='word_1_123' title='bbox 911 1786 1106 1850; x_wconf 79' lang='lat' dir='ltr'><strong>declinatione</strong></span> <span class='ocrx_word' id='word_1_124' title='bbox 1122 1809 1152 1872; x_wconf 88' lang='lat' dir='ltr'><strong>p.</strong></span> <span class='ocrx_word' id='word_1_125' title='bbox 1166 1785 1223 1849; x_wconf 81' lang='lat'><strong>80:</strong></span> <span class='ocrx_word' id='word_1_126' title='bbox 1241 1785 1348 1863; x_wconf 69' lang='lat' dir='ltr'><strong>,stat</strong></span> <span class='ocrx_word' id='word_1_127' title='bbox 1360 1789 1383 1852; x_wconf 86' lang='lat'><strong>4</strong></span> 
     </span>
     <span class='ocr_line' id='line_1_16' title="bbox 160 1883 1382 1977; baseline 0.001 -25"><span class='ocrx_word' id='word_1_128' title='bbox 160 1888 201 1952; x_wconf 88' lang='lat' dir='ltr'><strong>iet</strong></span> <span class='ocrx_word' id='word_1_129' title='bbox 224 1887 405 1952; x_wconf 90' lang='lat' dir='ltr'><strong>absentium</strong></span> <span class='ocrx_word' id='word_1_130' title='bbox 428 1885 461 1949; x_wconf 94' lang='lat' dir='ltr'><strong>in</strong></span> <span class='ocrx_word' id='word_1_131' title='bbox 486 1883 531 1962; x_wconf 89' lang='lat' dir='ltr'><strong>A,</strong></span> <span class='ocrx_word' id='word_1_132' title='bbox 567 1884 737 1950; x_wconf 84' lang='lat' dir='ltr'><strong>absentum</strong></span> <span class='ocrx_word' id='word_1_133' title='bbox 764 1887 798 1951; x_wconf 91' lang='lat' dir='ltr'><strong>in</strong></span> <span class='ocrx_word' id='word_1_134' title='bbox 822 1886 926 1969; x_wconf 85' lang='lat' dir='ltr'>BOD,</span> <span class='ocrx_word' id='word_1_135' title='bbox 965 1886 1032 1951; x_wconf 92' lang='lat' dir='ltr'><strong>und</strong></span> <span class='ocrx_word' id='word_1_136' title='bbox 1054 1886 1250 1951; x_wconf 79' lang='lat' dir='ltr'><strong>interessent</strong></span> <span class='ocrx_word' id='word_1_137' title='bbox 1270 1910 1382 1977; x_wconf 83' lang='lat' dir='ltr'><strong>genug</strong></span> 
     </span>
     <span class='ocr_line' id='line_1_17' title="bbox 152 1987 1381 2079; baseline 0.001 -25"><span class='ocrx_word' id='word_1_138' title='bbox 152 1991 188 2076; x_wconf 91' lang='lat' dir='ltr'><strong>je</strong></span> <span class='ocrx_word' id='word_1_139' title='bbox 211 1987 295 2053; x_wconf 92' lang='lat' dir='ltr'><strong>nach</strong></span> <span class='ocrx_word' id='word_1_140' title='bbox 325 1987 383 2051; x_wconf 89' lang='lat' dir='ltr'><strong>der</strong></span> <span class='ocrx_word' id='word_1_141' title='bbox 405 1987 631 2053; x_wconf 82' lang='lat' dir='ltr'><strong>Genetiviorm</strong></span> <span class='ocrx_word' id='word_1_142' title='bbox 659 1989 691 2052; x_wconf 93' lang='lat' dir='ltr'><strong>in</strong></span> <span class='ocrx_word' id='word_1_143' title='bbox 727 1988 841 2053; x_wconf 90' lang='lat' dir='ltr'><strong>beiden</strong></span> <span class='ocrx_word' id='word_1_144' title='bbox 872 1989 1096 2055; x_wconf 89' lang='lat' dir='ltr'><strong>Recensionen</strong></span> <span class='ocrx_word' id='word_1_145' title='bbox 1131 1992 1187 2054; x_wconf 92' lang='lat' dir='ltr'><strong>der</strong></span> <span class='ocrx_word' id='word_1_146' title='bbox 1211 1989 1295 2057; x_wconf 85' lang='lat' dir='ltr'><strong>Vere</strong></span> <span class='ocrx_word' id='word_1_147' title='bbox 1329 2014 1381 2079; x_wconf 78' lang='lat' dir='ltr'><strong>go</strong></span> 
     </span>
     <span class='ocr_line' id='line_1_18' title="bbox 157 2090 1380 2176; baseline 0.002 -21"><span class='ocrx_word' id='word_1_148' title='bbox 157 2091 288 2168; x_wconf 88' lang='lat' dir='ltr'><strong>modelt,</strong></span> <span class='ocrx_word' id='word_1_149' title='bbox 310 2091 343 2154; x_wconf 92' lang='lat' dir='ltr'><strong>in</strong></span> <span class='ocrx_word' id='word_1_150' title='bbox 367 2090 424 2154; x_wconf 93' lang='lat' dir='ltr'><strong>der</strong></span> <span class='ocrx_word' id='word_1_151' title='bbox 446 2090 540 2154; x_wconf 91' lang='lat' dir='ltr'><strong>einen</strong></span> <span class='ocrx_word' id='word_1_152' title='bbox 556 2091 737 2156; x_wconf 90' lang='lat' dir='ltr'><strong>absentium</strong></span> <span class='ocrx_word' id='word_1_153' title='bbox 760 2092 805 2156; x_wconf 86' lang='lat' dir='ltr'><strong>ita</strong></span> <span class='ocrx_word' id='word_1_154' title='bbox 828 2105 863 2156; x_wconf 95' lang='lat' dir='ltr'><strong>ut</strong></span> <span class='ocrx_word' id='word_1_155' title='bbox 878 2093 1014 2176; x_wconf 91' lang='lat' dir='ltr'><strong>aequom</strong></span> <span class='ocrx_word' id='word_1_156' title='bbox 1038 2103 1095 2168; x_wconf 89' lang='lat' dir='ltr'><strong>est,</strong></span> <span class='ocrx_word' id='word_1_157' title='bbox 1118 2093 1152 2156; x_wconf 93' lang='lat' dir='ltr'><strong>in</strong></span> <span class='ocrx_word' id='word_1_158' title='bbox 1177 2092 1235 2157; x_wconf 89' lang='lat' dir='ltr'><strong>der</strong></span> <span class='ocrx_word' id='word_1_159' title='bbox 1256 2093 1380 2158; x_wconf 91' lang='lat' dir='ltr'><strong>anderu</strong></span> 
     </span>
     <span class='ocr_line' id='line_1_19' title="bbox 157 2193 1383 2281; baseline 0.003 -23"><span class='ocrx_word' id='word_1_160' title='bbox 157 2195 329 2258; x_wconf 76' lang='lat' dir='ltr'><strong>absentum</strong></span> <span class='ocrx_word' id='word_1_161' title='bbox 352 2205 389 2257; x_wconf 90' lang='lat' dir='ltr'><strong>ut</strong></span> <span class='ocrx_word' id='word_1_162' title='bbox 412 2193 460 2256; x_wconf 90' lang='lat' dir='ltr'><strong>est</strong></span> <span class='ocrx_word' id='word_1_163' title='bbox 482 2193 635 2277; x_wconf 89' lang='lat' dir='ltr'><strong>aequom;</strong></span> <span class='ocrx_word' id='word_1_164' title='bbox 658 2194 715 2258; x_wconf 89' lang='lat' dir='ltr'><strong>der</strong></span> <span class='ocrx_word' id='word_1_165' title='bbox 726 2193 894 2262; x_wconf 89' lang='lat' dir='ltr'><strong>Verdacht</strong></span> <span class='ocrx_word' id='word_1_166' title='bbox 916 2196 973 2259; x_wconf 92' lang='lat' dir='ltr'><strong>der</strong></span> <span class='ocrx_word' id='word_1_167' title='bbox 989 2195 1177 2281; x_wconf 81' lang='lat' dir='ltr'><strong>F&#39;alschung</strong></span> <span class='ocrx_word' id='word_1_168' title='bbox 1199 2195 1296 2261; x_wconf 90' lang='lat' dir='ltr'><strong>kehrt</strong></span> <span class='ocrx_word' id='word_1_169' title='bbox 1312 2196 1383 2262; x_wconf 90' lang='lat' dir='ltr'><strong>sich</strong></span> 
     </span>
     <span class='ocr_line' id='line_1_20' title="bbox 159 2296 1376 2383; baseline 0.002 -21"><span class='ocrx_word' id='word_1_170' title='bbox 159 2318 266 2383; x_wconf 87' lang='lat' dir='ltr'><strong>gegen</strong></span> <span class='ocrx_word' id='word_1_171' title='bbox 286 2296 337 2360; x_wconf 91' lang='lat' dir='ltr'><strong>die</strong></span> <span class='ocrx_word' id='word_1_172' title='bbox 361 2307 479 2360; x_wconf 92' lang='lat' dir='ltr'><strong>erstere</strong></span> <span class='ocrx_word' id='word_1_173' title='bbox 494 2296 685 2379; x_wconf 86' lang='lat' dir='ltr'><strong>Recension,</strong></span> <span class='ocrx_word' id='word_1_174' title='bbox 710 2296 836 2362; x_wconf 89' lang='lat' dir='ltr'><strong>obwohl</strong></span> <span class='ocrx_word' id='word_1_175' title='bbox 853 2298 946 2362; x_wconf 83' lang='lat' dir='ltr'><strong>Sticlr.</strong></span> <span class='ocrx_word' id='word_1_176' title='bbox 962 2298 1026 2362; x_wconf 90' lang='grc'><strong>220</strong></span> <span class='ocrx_word' id='word_1_177' title='bbox 1040 2299 1259 2383; x_wconf 90' lang='lat' dir='ltr'><strong>praesentium</strong></span> <span class='ocrx_word' id='word_1_178' title='bbox 1277 2299 1376 2365; x_wconf 83' lang='lat' dir='ltr'><strong>steht</strong></span> 
     </span>
     <span class='ocr_line' id='line_1_21' title="bbox 161 2398 1382 2467; baseline 0.003 -5"><span class='ocrx_word' id='word_1_179' title='bbox 161 2400 254 2462; x_wconf 91' lang='lat' dir='ltr'><strong>aliter</strong></span> <span class='ocrx_word' id='word_1_180' title='bbox 282 2421 359 2463; x_wconf 88' lang='lat' dir='ltr'><strong>sanc</strong></span> <span class='ocrx_word' id='word_1_181' title='bbox 387 2410 418 2462; x_wconf 93' lang='lat' dir='ltr'><strong>et</strong></span> <span class='ocrx_word' id='word_1_182' title='bbox 444 2398 601 2464; x_wconf 89' lang='lat' dir='ltr'><strong>iudicavit</strong></span> <span class='ocrx_word' id='word_1_183' title='bbox 635 2410 666 2463; x_wconf 91' lang='lat' dir='ltr'><strong>et</strong></span> <span class='ocrx_word' id='word_1_184' title='bbox 697 2422 808 2464; x_wconf 87' lang='lat' dir='ltr'><strong>versus</strong></span> <span class='ocrx_word' id='word_1_185' title='bbox 838 2400 980 2464; x_wconf 90' lang='lat' dir='ltr'><strong>numeris</strong></span> <span class='ocrx_word' id='word_1_186' title='bbox 1008 2401 1158 2467; x_wconf 85' lang='lat' dir='ltr'><strong>astrinxit</strong></span> <span class='ocrx_word' id='word_1_187' title='bbox 1186 2401 1382 2467; x_wconf 91' lang='lat' dir='ltr'><strong>novissimus</strong></span> 
     </span>
     <span class='ocr_line' id='line_1_22' title="bbox 162 2499 514 2587; baseline -0.009 -20"><span class='ocrx_word' id='word_1_188' title='bbox 162 2501 275 2578; x_wconf 88' lang='lat' dir='ltr'><strong>editor,</strong></span> <span class='ocrx_word' id='word_1_189' title='bbox 297 2501 352 2587; x_wconf 93' lang='lat' dir='ltr'><strong>qui</strong></span> <span class='ocrx_word' id='word_1_190' title='bbox 371 2499 514 2565; x_wconf 81' lang='lat' dir='ltr'><strong>scribens</strong></span> 
     </span>
    </p>

    <p class='ocr_par' dir='ltr' id='par_1_4' title="bbox 156 2602 1217 2791">
     <span class='ocr_line' id='line_1_23' title="bbox 245 2602 1217 2691; baseline 0.003 -23"><span class='ocrx_word' id='word_1_191' title='bbox 245 2602 456 2689; x_wconf 81' lang='lat' dir='ltr'><strong>Quorquue</strong></span> <span class='ocrx_word' id='word_1_192' title='bbox 479 2625 537 2667; x_wconf 90' lang='lat' dir='ltr'><strong>nos</strong></span> <span class='ocrx_word' id='word_1_193' title='bbox 559 2603 698 2689; x_wconf 86' lang='lat' dir='ltr'><strong>negetiis</strong></span> <span class='ocrx_word' id='word_1_194' title='bbox 722 2605 902 2683; x_wconf 74' lang='lat' dir='ltr'><strong>absentum,</strong></span> <span class='ocrx_word' id='word_1_195' title='bbox 925 2606 970 2670; x_wconf 90' lang='lat' dir='ltr'><strong>ita</strong></span> <span class='ocrx_word' id='word_1_196' title='bbox 992 2617 1026 2670; x_wconf 91' lang='lat' dir='ltr'><strong>ut</strong></span> <span class='ocrx_word' id='word_1_197' title='bbox 1048 2606 1217 2691; x_wconf 76' lang='lat' dir='ltr'><strong>aequomst</strong></span> 
     </span>
     <span class='ocr_line' id='line_1_24' title="bbox 156 2705 933 2791; baseline 0.001 -20"><span class='ocrx_word' id='word_1_198' title='bbox 156 2706 324 2791; x_wconf 91' lang='lat' dir='ltr'><strong>utriusque</strong></span> <span class='ocrx_word' id='word_1_199' title='bbox 346 2705 542 2770; x_wconf 80' lang='lat' dir='ltr'><strong>recensionis</strong></span> <span class='ocrx_word' id='word_1_200' title='bbox 565 2707 749 2771; x_wconf 90' lang='lat' dir='ltr'><strong>testimonia</strong></span> <span class='ocrx_word' id='word_1_201' title='bbox 772 2707 933 2772; x_wconf 87' lang='lat' dir='ltr'><strong>conflavit.</strong></span> 
     </span>
    </p>

    <p class='ocr_par' dir='ltr' id='par_1_5' title="bbox 247 2807 1086 2895">
     <span class='ocr_line' id='line_1_25' title="bbox 247 2807 1086 2895; baseline 0.007 -25"><span class='ocrx_word' id='word_1_202' title='bbox 247 2808 332 2872; x_wconf 78' lang='lat' dir='ltr'><strong>Trea.</strong></span> <span class='ocrx_word' id='word_1_203' title='bbox 355 2807 419 2871; x_wconf 87' lang='grc'><strong>294</strong></span> <span class='ocrx_word' id='word_1_204' title='bbox 439 2807 485 2872; x_wconf 88' lang='lat' dir='ltr'><strong>P:</strong></span> <span class='ocrx_word' id='word_1_205' title='bbox 509 2820 597 2874; x_wconf 91' lang='lat' dir='ltr'><strong>creta</strong></span> <span class='ocrx_word' id='word_1_206' title='bbox 619 2831 713 2874; x_wconf 89' lang='lat' dir='ltr'><strong>omne</strong></span> <span class='ocrx_word' id='word_1_207' title='bbox 737 2832 853 2895; x_wconf 90' lang='lat' dir='ltr'><strong>corpus</strong></span> <span class='ocrx_word' id='word_1_208' title='bbox 874 2811 1005 2876; x_wconf 81' lang='lat' dir='ltr'><strong>intinxti</strong></span> <span class='ocrx_word' id='word_1_209' title='bbox 1028 2811 1086 2876; x_wconf 88' lang='lat' dir='ltr'><strong>tibi</strong></span> 
     </span>
    </p>

    <p class='ocr_par' dir='ltr' id='par_1_6' title="bbox 155 2911 1381 3717">
     <span class='ocr_line' id='line_1_26' title="bbox 442 2911 1075 2981; baseline 0.014 -8"><span class='ocrx_word' id='word_1_210' title='bbox 442 2911 491 2974; x_wconf 91' lang='lat' dir='ltr'><strong>A:</strong></span> <span class='ocrx_word' id='word_1_211' title='bbox 870 2913 986 2977; x_wconf 88' lang='lat' dir='ltr'><strong>intexti</strong></span> <span class='ocrx_word' id='word_1_212' title='bbox 1008 2913 1075 2981; x_wconf 87' lang='lat' dir='ltr'><strong>tibi.</strong></span> 
     </span>
     <span class='ocr_line' id='line_1_27' title="bbox 155 3013 1381 3101; baseline 0.003 -25"><span class='ocrx_word' id='word_1_213' title='bbox 155 3015 262 3077; x_wconf 80' lang='lat' dir='ltr'><strong>intorti</strong></span> <span class='ocrx_word' id='word_1_214' title='bbox 287 3013 373 3077; x_wconf 90' lang='lat' dir='ltr'><strong>enim</strong></span> <span class='ocrx_word' id='word_1_215' title='bbox 399 3013 479 3078; x_wconf 89' lang='lat' dir='ltr'><strong>latet</strong></span> <span class='ocrx_word' id='word_1_216' title='bbox 507 3015 540 3077; x_wconf 90' lang='lat' dir='ltr'><strong>in</strong></span> <span class='ocrx_word' id='word_1_217' title='bbox 566 3014 777 3080; x_wconf 87' lang='lat' dir='ltr'><strong>Ambrosiani</strong></span> <span class='ocrx_word' id='word_1_218' title='bbox 800 3015 946 3101; x_wconf 90' lang='lat' dir='ltr'><strong>apicibus</strong></span> <span class='ocrx_word' id='word_1_219' title='bbox 970 3014 1183 3098; x_wconf 76' lang='lat' dir='ltr'><strong>INTEA1T3</strong></span> <span class='ocrx_word' id='word_1_220' title='bbox 1209 3036 1381 3101; x_wconf 89' lang='lat' dir='ltr'><strong>perperam</strong></span> 
     </span>
     <span class='ocr_line' id='line_1_28' title="bbox 158 3114 1380 3204; baseline 0.002 -24"><span class='ocrx_word' id='word_1_221' title='bbox 158 3137 236 3180; x_wconf 88' lang='lat' dir='ltr'><strong>vero</strong></span> <span class='ocrx_word' id='word_1_222' title='bbox 252 3114 473 3180; x_wconf 91' lang='lat' dir='ltr'><strong>Baehrensius</strong></span> <span class='ocrx_word' id='word_1_223' title='bbox 495 3116 529 3179; x_wconf 93' lang='lat' dir='ltr'><strong>in</strong></span> <span class='ocrx_word' id='word_1_224' title='bbox 545 3140 615 3182; x_wconf 72' lang='lat' dir='ltr'><strong>aran.</strong></span> <span class='ocrx_word' id='word_1_225' title='bbox 627 3118 706 3204; x_wconf 75' lang='lat' dir='ltr'><strong>phil.</strong></span> <span class='ocrx_word' id='word_1_226' title='bbox 728 3117 809 3183; x_wconf 85' lang='grc'>1882</span> <span class='ocrx_word' id='word_1_227' title='bbox 833 3142 864 3203; x_wconf 94' lang='lat' dir='ltr'><strong>p.</strong></span> <span class='ocrx_word' id='word_1_228' title='bbox 879 3119 943 3183; x_wconf 84' lang='grc'><strong>479</strong></span> <span class='ocrx_word' id='word_1_229' title='bbox 958 3119 1169 3184; x_wconf 92' lang='lat' dir='ltr'><strong>Ambrosiani</strong></span> <span class='ocrx_word' id='word_1_230' title='bbox 1186 3118 1380 3204; x_wconf 89' lang='lat' dir='ltr'><strong>scripturam</strong></span> 
     </span>
     <span class='ocr_line' id='line_1_29' title="bbox 157 3217 1380 3306; baseline 0.002 -24"><span class='ocrx_word' id='word_1_231' title='bbox 157 3217 316 3282; x_wconf 87' lang='lat' dir='ltr'><strong>defendit:</strong></span> <span class='ocrx_word' id='word_1_232' title='bbox 340 3239 466 3304; x_wconf 88' lang='lat' dir='ltr'><strong>‚corpus</strong></span> <span class='ocrx_word' id='word_1_233' title='bbox 489 3240 553 3282; x_wconf 92' lang='lat' dir='ltr'><strong>non</strong></span> <span class='ocrx_word' id='word_1_234' title='bbox 576 3219 754 3306; x_wconf 86' lang='lat' dir='ltr'><strong>intingitur,</strong></span> <span class='ocrx_word' id='word_1_235' title='bbox 778 3221 835 3284; x_wconf 90' lang='lat' dir='ltr'><strong>sed</strong></span> <span class='ocrx_word' id='word_1_236' title='bbox 852 3221 1006 3306; x_wconf 89' lang='lat' dir='ltr'><strong>integitur</strong></span> <span class='ocrx_word' id='word_1_237' title='bbox 1029 3230 1142 3296; x_wconf 68' lang='lat' dir='ltr'><strong>creta:</strong></span> <span class='ocrx_word' id='word_1_238' title='bbox 1165 3220 1221 3304; x_wconf 89' lang='lat' dir='ltr'><strong>qui</strong></span> <span class='ocrx_word' id='word_1_239' title='bbox 1245 3241 1310 3283; x_wconf 93' lang='lat' dir='ltr'><strong>non</strong></span> <span class='ocrx_word' id='word_1_240' title='bbox 1333 3241 1380 3285; x_wconf 86' lang='lat' dir='ltr'><strong>re·</strong></span> 
     </span>
     <span class='ocr_line' id='line_1_30' title="bbox 157 3319 1376 3408; baseline 0.004 -24"><span class='ocrx_word' id='word_1_241' title='bbox 157 3323 265 3408; x_wconf 85' lang='lat' dir='ltr'><strong>spexit</strong></span> <span class='ocrx_word' id='word_1_242' title='bbox 286 3319 368 3385; x_wconf 91' lang='lat' dir='ltr'><strong>Hor.</strong></span> <span class='ocrx_word' id='word_1_243' title='bbox 398 3323 483 3408; x_wconf 87' lang='lat' dir='ltr'><strong>epod.</strong></span> <span class='ocrx_word' id='word_1_244' title='bbox 508 3322 562 3403; x_wconf 83' lang='grc'><strong>12,</strong></span> <span class='ocrx_word' id='word_1_245' title='bbox 600 3324 640 3388; x_wconf 87' lang='grc'><strong>10</strong></span> <span class='ocrx_word' id='word_1_246' title='bbox 662 3345 732 3406; x_wconf 85' lang='lat' dir='ltr'><strong>,nec</strong></span> <span class='ocrx_word' id='word_1_247' title='bbox 761 3324 807 3388; x_wconf 91' lang='lat' dir='ltr'><strong>illi</strong></span> <span class='ocrx_word' id='word_1_248' title='bbox 834 3324 898 3386; x_wconf 88' lang='lat' dir='ltr'><strong>iam</strong></span> <span class='ocrx_word' id='word_1_249' title='bbox 934 3332 1041 3388; x_wconf 89' lang='lat' dir='ltr'><strong>manet</strong></span> <span class='ocrx_word' id='word_1_250' title='bbox 1075 3322 1240 3387; x_wconf 91' lang='lat' dir='ltr'><strong>humida</strong></span> <span class='ocrx_word' id='word_1_251' title='bbox 1277 3332 1376 3389; x_wconf 88' lang='lat' dir='ltr'><strong>creta‘</strong></span> 
     </span>
     <span class='ocr_line' id='line_1_31' title="bbox 158 3421 943 3502; baseline 0.006 -16"><span class='ocrx_word' id='word_1_252' title='bbox 158 3421 256 3487; x_wconf 85' lang='lat' dir='ltr'><strong>Mart.</strong></span> <span class='ocrx_word' id='word_1_253' title='bbox 279 3422 405 3502; x_wconf 79' lang='lat' dir='ltr'><strong>V193,</strong></span> <span class='ocrx_word' id='word_1_254' title='bbox 427 3424 462 3488; x_wconf 88' lang='lat'><strong>9:</strong></span> <span class='ocrx_word' id='word_1_255' title='bbox 486 3425 590 3502; x_wconf 91' lang='lat' dir='ltr'><strong>,acida</strong></span> <span class='ocrx_word' id='word_1_256' title='bbox 612 3425 691 3490; x_wconf 91' lang='lat' dir='ltr'><strong>latet</strong></span> <span class='ocrx_word' id='word_1_257' title='bbox 712 3424 812 3491; x_wconf 91' lang='lat' dir='ltr'><strong>oblita</strong></span> <span class='ocrx_word' id='word_1_258' title='bbox 834 3436 943 3491; x_wconf 88' lang='lat' dir='ltr'><strong>creta.‘</strong></span> 
     </span>
     <span class='ocr_line' id='line_1_32' title="bbox 246 3525 424 3590; baseline 0.006 -1"><span class='ocrx_word' id='word_1_259' title='bbox 246 3525 339 3590; x_wconf 76' lang='lat' dir='ltr'><strong>Stich.</strong></span> <span class='ocrx_word' id='word_1_260' title='bbox 362 3526 424 3590; x_wconf 90' lang='grc'><strong>261</strong></span> 
     </span>
     <span class='ocr_line' id='line_1_33' title="bbox 270 3626 1193 3717; baseline 0.001 -24"><span class='ocrx_word' id='word_1_261' title='bbox 270 3626 393 3693; x_wconf 89' lang='lat' dir='ltr'><strong>Nullan</strong></span> <span class='ocrx_word' id='word_1_262' title='bbox 417 3628 475 3693; x_wconf 90' lang='lat' dir='ltr'><strong>tibi</strong></span> <span class='ocrx_word' id='word_1_263' title='bbox 498 3629 663 3715; x_wconf 84' lang='lat' dir='ltr'><strong>linguast?</strong></span> <span class='ocrx_word' id='word_1_264' title='bbox 685 3629 693 3717; x_wconf 75' lang='lat' dir='ltr'><strong>ll</strong></span> <span class='ocrx_word' id='word_1_265' title='bbox 716 3653 799 3717; x_wconf 91' lang='lat' dir='ltr'><strong>quae</strong></span> <span class='ocrx_word' id='word_1_266' title='bbox 822 3631 952 3716; x_wconf 88' lang='lat' dir='ltr'><strong>quidem</strong></span> <span class='ocrx_word' id='word_1_267' title='bbox 975 3629 1062 3694; x_wconf 89' lang='lat' dir='ltr'><strong>dicat</strong></span> <span class='ocrx_word' id='word_1_268' title='bbox 1086 3631 1193 3711; x_wconf 83' lang='lat' dir='ltr'><strong>‚dabo‘</strong></span> 
     </span>
    </p>

    <p class='ocr_par' dir='ltr' id='par_1_7' title="bbox 118 3729 1133 3818">
     <span class='ocr_line' id='line_1_34' title="bbox 118 3729 1133 3818; baseline 0.003 -23"><span class='ocrx_word' id='word_1_269' title='bbox 118 3733 123 3743; x_wconf 86' lang='lat'>&#39;</span> <span class='ocrx_word' id='word_1_270' title='bbox 200 3730 244 3795; x_wconf 92' lang='lat' dir='ltr'><strong>P:</strong></span> <span class='ocrx_word' id='word_1_271' title='bbox 268 3729 458 3798; x_wconf 91' lang='lat' dir='ltr'><strong>Veterem</strong></span> <span class='ocrx_word' id='word_1_272' title='bbox 482 3732 613 3815; x_wconf 91' lang='lat' dir='ltr'><strong>reliqui:</strong></span> <span class='ocrx_word' id='word_1_273' title='bbox 638 3731 791 3816; x_wconf 87' lang='lat' dir='ltr'><strong>eccillam,</strong></span> <span class='ocrx_word' id='word_1_274' title='bbox 816 3755 900 3818; x_wconf 87' lang='lat' dir='ltr'><strong>quae</strong></span> <span class='ocrx_word' id='word_1_275' title='bbox 923 3733 1010 3798; x_wconf 92' lang='lat' dir='ltr'><strong>dicat</strong></span> <span class='ocrx_word' id='word_1_276' title='bbox 1032 3733 1133 3812; x_wconf 88' lang='lat' dir='ltr'><strong>,cedo‘</strong></span> 
     </span>
    </p>

    <p class='ocr_par' dir='ltr' id='par_1_8' title="bbox 64 3832 1381 3924">
     <span class='ocr_line' id='line_1_35' title="bbox 64 3832 1381 3924; baseline 0.005 -28"><span class='ocrx_word' id='word_1_277' title='bbox 64 3881 68 3888; x_wconf 83' lang='lat'><strong>.</strong></span> <span class='ocrx_word' id='word_1_278' title='bbox 200 3832 249 3897; x_wconf 89' lang='lat' dir='ltr'><strong>A:</strong></span> <span class='ocrx_word' id='word_1_279' title='bbox 280 3835 384 3898; x_wconf 76' lang='lat' dir='ltr'><strong>Ventri</strong></span> <span class='ocrx_word' id='word_1_280' title='bbox 397 3836 507 3922; x_wconf 81' lang='lat' dir='ltr'><strong>reliqui</strong></span> <span class='ocrx_word' id='word_1_281' title='bbox 521 3857 538 3899; x_wconf 88' lang='lat' dir='ltr'><strong>e</strong></span> <span class='ocrx_word' id='word_1_282' title='bbox 551 3834 737 3900; x_wconf 90' lang='lat' dir='ltr'><strong>stultissima</strong></span> <span class='ocrx_word' id='word_1_283' title='bbox 753 3837 948 3920; x_wconf 84' lang='lat' dir='ltr'><strong>coniectura,</strong></span> <span class='ocrx_word' id='word_1_284' title='bbox 965 3859 1063 3922; x_wconf 88' lang='lat' dir='ltr'><strong>quam</strong></span> <span class='ocrx_word' id='word_1_285' title='bbox 1075 3847 1182 3901; x_wconf 90' lang='lat' dir='ltr'><strong>tamen</strong></span> <span class='ocrx_word' id='word_1_286' title='bbox 1195 3837 1381 3924; x_wconf 84' lang='lat' dir='ltr'><strong>Geppertus</strong></span> 
     </span>
    </p>

    <p class='ocr_par' dir='ltr' id='par_1_9' title="bbox 159 3935 620 4024">
     <span class='ocr_line' id='line_1_36' title="bbox 159 3935 620 4024; baseline 0.013 -26"><span class='ocrx_word' id='word_1_287' title='bbox 159 3936 252 4020; x_wconf 83' lang='lat' dir='ltr'><strong>(etad.</strong></span> <span class='ocrx_word' id='word_1_288' title='bbox 275 3935 313 4000; x_wconf 93' lang='grc' dir='ltr'>Π</span> <span class='ocrx_word' id='word_1_289' title='bbox 335 3959 368 4022; x_wconf 89' lang='lat' dir='ltr'><strong>p.</strong></span> <span class='ocrx_word' id='word_1_290' title='bbox 389 3936 446 4024; x_wconf 82' lang='grc'><strong>42)</strong></span> <span class='ocrx_word' id='word_1_291' title='bbox 469 3937 620 4005; x_wconf 87' lang='lat' dir='ltr'><strong>defendit.</strong></span> 
     </span>
    </p>

    <p class='ocr_par' dir='ltr' id='par_1_10' title="bbox 160 4038 1383 4540">
     <span class='ocr_line' id='line_1_37' title="bbox 229 4038 1075 4106; baseline 0.002 -4"><span class='ocrx_word' id='word_1_292' title='bbox 229 4038 337 4104; x_wconf 76' lang='lat' dir='ltr'><strong>¹Stiria.</strong></span> <span class='ocrx_word' id='word_1_293' title='bbox 359 4039 423 4106; x_wconf 84' lang='lat'><strong>493</strong></span> <span class='ocrx_word' id='word_1_294' title='bbox 933 4048 1075 4105; x_wconf 88' lang='lat' dir='ltr'><strong>oratores</strong></span> 
     </span>
     <span class='ocr_line' id='line_1_38' title="bbox 199 4139 1059 4230; baseline 0.006 -26"><span class='ocrx_word' id='word_1_295' title='bbox 199 4139 242 4205; x_wconf 93' lang='lat' dir='ltr'><strong>P:</strong></span> <span class='ocrx_word' id='word_1_296' title='bbox 265 4140 390 4207; x_wconf 86' lang='lat' dir='ltr'><strong>Summi</strong></span> <span class='ocrx_word' id='word_1_297' title='bbox 413 4139 651 4230; x_wconf 89' lang='lat' dir='ltr'><strong>accu[m]bent;</strong></span> <span class='ocrx_word' id='word_1_298' title='bbox 675 4163 736 4227; x_wconf 82' lang='lat' dir='ltr'><strong>ego</strong></span> <span class='ocrx_word' id='word_1_299' title='bbox 758 4141 909 4207; x_wconf 89' lang='lat' dir='ltr'><strong>infimatis</strong></span> <span class='ocrx_word' id='word_1_300' title='bbox 931 4143 1059 4209; x_wconf 90' lang='lat' dir='ltr'><strong>infimus</strong></span> 
     </span>
     <span class='ocr_line' id='line_1_39' title="bbox 194 4243 1042 4328; baseline 0.002 -20"><span class='ocrx_word' id='word_1_301' title='bbox 194 4243 243 4308; x_wconf 88' lang='lat' dir='ltr'><strong>A:</strong></span> <span class='ocrx_word' id='word_1_302' title='bbox 267 4243 393 4310; x_wconf 85' lang='lat' dir='ltr'><strong>Summi</strong></span> <span class='ocrx_word' id='word_1_303' title='bbox 415 4243 623 4327; x_wconf 84' lang='lat' dir='ltr'><strong>incubabunt,</strong></span> <span class='ocrx_word' id='word_1_304' title='bbox 648 4266 709 4328; x_wconf 86' lang='lat' dir='ltr'><strong>ego</strong></span> <span class='ocrx_word' id='word_1_305' title='bbox 730 4244 879 4310; x_wconf 89' lang='lat' dir='ltr'><strong>infimatis</strong></span> <span class='ocrx_word' id='word_1_306' title='bbox 902 4245 1042 4310; x_wconf 85' lang='lat' dir='ltr'><strong>infimus.</strong></span> 
     </span>
     <span class='ocr_line' id='line_1_40' title="bbox 160 4346 1383 4436; baseline 0.004 -25"><span class='ocrx_word' id='word_1_307' title='bbox 160 4346 248 4432; x_wconf 91' lang='lat' dir='ltr'><strong>quod</strong></span> <span class='ocrx_word' id='word_1_308' title='bbox 269 4346 446 4412; x_wconf 87' lang='lat' dir='ltr'><strong>Muellerus</strong></span> <span class='ocrx_word' id='word_1_309' title='bbox 469 4347 571 4434; x_wconf 77' lang='lat' dir='ltr'><strong>(Pron.</strong></span> <span class='ocrx_word' id='word_1_310' title='bbox 592 4347 697 4415; x_wconf 85' lang='lat' dir='ltr'><strong>Plout.</strong></span> <span class='ocrx_word' id='word_1_311' title='bbox 710 4369 743 4432; x_wconf 91' lang='lat' dir='ltr'><strong>p.</strong></span> <span class='ocrx_word' id='word_1_312' title='bbox 758 4348 835 4435; x_wconf 81' lang='lat'>352)</span> <span class='ocrx_word' id='word_1_313' title='bbox 858 4348 1065 4413; x_wconf 89' lang='lat' dir='ltr'><strong>Ambrosiani</strong></span> <span class='ocrx_word' id='word_1_314' title='bbox 1090 4349 1230 4436; x_wconf 82' lang='lat' dir='ltr'><strong>vestigia</strong></span> <span class='ocrx_word' id='word_1_315' title='bbox 1253 4359 1383 4416; x_wconf 91' lang='lat' dir='ltr'><strong>secutus</strong></span> 
     </span>
     <span class='ocr_line' id='line_1_41' title="bbox 160 4438 1382 4540; baseline 0.006 -28"><span class='ocrx_word' id='word_1_316' title='bbox 160 4448 272 4515; x_wconf 89' lang='lat' dir='ltr'><strong>scribit</strong></span> <span class='ocrx_word' id='word_1_317' title='bbox 294 4450 430 4528; x_wconf 81' lang='lat' dir='ltr'><strong>,Summi</strong></span> <span class='ocrx_word' id='word_1_318' title='bbox 445 4448 660 4529; x_wconf 89' lang='lat' dir='ltr'><strong>accubabunt,</strong></span> <span class='ocrx_word' id='word_1_319' title='bbox 683 4450 743 4537; x_wconf 88' lang='lat' dir='ltr'><strong>ego</strong></span> <span class='ocrx_word' id='word_1_320' title='bbox 771 4451 936 4517; x_wconf 84' lang='lat' dir='ltr'><strong>insumatis</strong></span> <span class='ocrx_word' id='word_1_321' title='bbox 964 4438 1120 4518; x_wconf 77' lang='lat' dir='ltr'><strong>intumus⁶</strong></span> <span class='ocrx_word' id='word_1_322' title='bbox 1148 4474 1212 4518; x_wconf 92' lang='lat' dir='ltr'><strong>non</strong></span> <span class='ocrx_word' id='word_1_323' title='bbox 1249 4476 1382 4540; x_wconf 79' lang='lat' dir='ltr'><strong>possum</strong></span> 
     </span>
    </p>
   </div>
   <div class='ocr_carea' id='block_1_3' title="bbox 0 0 1546 5228">
    <p class='ocr_par' dir='ltr' id='par_1_11' title="bbox 0 0 1546 5228">
     <span class='ocr_line' id='line_1_42' title="bbox 0 0 1546 5228; baseline 0 0"><span class='ocrx_word' id='word_1_324' title='bbox 0 0 1546 5228; x_wconf 95' lang='lat' dir='ltr'><strong> </strong></span> 
     </span>
    </p>
   </div>
  </div>
 </body>
</html>
