3038 5220
740 255 779 318 57

658 347 860 354 ---———-

149 471 261 526 onerat
273 460 582 544 aliquamzamiam‘.
591 461 704 525 Bacch.
712 460 774 525 957
786 483 833 545 sq.
842 483 926 538 ,nam
934 458 1056 525 dudum
1069 468 1105 524 ut
1114 458 1218 545 primo
1226 459 1373 524 dixeram

149 579 258 628 nostro
281 564 346 628 0001
372 563 584 645 mendacium,
603 563 647 628 ibi
671 564 799 649 signum
823 585 863 627 ex
886 585 959 632 arce
980 563 1046 626 iam
1062 562 1201 627 abstuli‘.
1230 562 1294 628 960
1308 561 1375 639 ,ubi

148 666 285 731 tabellas
294 666 397 743 tetuli,
408 666 451 731 ibi
459 666 561 731 occidi
570 665 737 750 Troilum‘3
746 667 785 733 cf.
792 666 866 731 961.
879 667 951 729 Aul.
962 665 1025 729 526
1033 664 1375 752 ,Ubinugigerulisres

148 769 283 834 solutast
304 768 462 847 omuibus,
486 769 531 834 ibi
553 769 593 833 ad
609 779 806 854 postremum
829 769 916 833 cedit
936 767 1049 833 miles‘.
1093 768 1208 832 Bacch.
1230 768 1272 832 36
1295 767 1373 846 ‚Ubi

147 894 199 936 me
221 873 324 957 fugiet
347 872 509 948 memoria,
525 871 571 937 ibi
587 883 622 936 tu
636 872 733 936 facito
756 884 791 937 ut
814 871 1011 937 subvenias‘.
1055 872 1139 935 Pera.
1162 871 1227 935 304
1249 868 1316 949 ,ubi
1340 894 1374 935 se

148 974 287 1052 adlevat,
303 973 347 1037 ibi
362 996 414 1038 me
430 975 579 1039 adlevat‘.
611 975 735 1038 Pseud.
752 973 817 1039 840
857 972 935 1044 ,Ubi
958 972 1062 1037 omnis
1085 971 1214 1060 patinae
1238 973 1373 1056 fervent,

148 1077 251 1141 omnis
269 1076 393 1163 aperio:
418 1077 462 1141 ibi
478 1077 577 1141 edos.
596 1125 603 1140 .
626 1077 660 1140 in
682 1077 806 1142 caelum
824 1076 930 1142 volat‘.
968 1077 1081 1162 Amph.
1100 1074 1164 1140 250
1186 1075 1374 1153 ‚Penetrant

147 1201 181 1243 00
203 1179 236 1242 10
258 1181 383 1265 fugam:
407 1179 452 1243 ibi
468 1179 584 1244 nostris
601 1179 726 1244 animus
749 1179 914 1245 additust‘.
959 1181 1056 1265 Epid.
1079 1177 1143 1242 240
1167 1177 1223 1261 ,ibi
1244 1177 1373 1242 illarum

147 1279 249 1343 altera
263 1279 367 1355 dixit‘,
390 1279 453 1343 245
468 1279 523 1358 ,151
542 1280 598 1345 1110
614 1282 757 1346 nominat
774 1279 1264 1367 8000100001001*,250,1511110
1280 1279 1374 1344 inter-

146 1382 299 1469 rogavit‘3
322 1383 362 1446 of.
383 1381 468 1447 Cure.
486 1383 558 1449 340.
603 1385 716 1471 Amph.
736 1384 818 1449 1068
834 1383 958 1462 ,ardere
975 1385 1086 1448 censui
1102 1383 1213 1447 aedes:
1236 1383 1281 1447 ita
1304 1394 1373 1447 tum

146 1484 386 1569 confulgebant.
430 1485 477 1549 ibi
493 1509 543 1550 me
566 1487 719 1551 inclamat
742 1488 946 1553 Alcumeua‘.
991 1488 1104 1573 Amph.
1129 1486 1214 1551 1094
1235 1486 1375 1564 ‚invocat

148 1587 224 1652 deos
253 1586 461 1674 inmortalis,
477 1603 512 1652 ut
534 1588 595 1652 sibi
619 1590 778 1655 auxilium
799 1592 954 1655 ferant..
977 1589 1022 1653 ibi
1046 1590 1198 1654 continuo
1221 1599 1375 1655 contonat

149 1690 257 1754 sonitu
279 1701 454 1756 maxumo‘.
489 1691 637 1757 hocloco
659 1715 738 1758 cave
754 1694 852 1758 aliam
875 1703 972 1780 atque
988 1692 1197 1778 temporalem
1212 1693 1374 1756 notionem

150 1792 284 1857 voculae
311 1795 356 1857 itt
383 1794 520 1872 tribuas3
554 1795 716 1882 significat
743 1794 828 1861 enim
851 1816 1003 1879 praesens
1032 1795 1083 1858 dei
1115 1793 1277 1858 auxilium
1300 1793 1373 1858 sub-

149 1905 297 1959 secutum
320 1917 390 1960 0000
406 1897 656 1961 invocationem:
680 1899 736 1974 ,sie
758 1897 824 1960 rust
847 1897 898 1961 die
923 1895 1161 1962 austerblichen
1177 1895 1292 1963 Gdtter
1315 1919 1371 1960 au:

147 1995 257 2082 gleich
290 1996 428 2062 donnert
459 2021 493 2063 es
527 1998 611 2062 auch
644 1998 817 2085 gewaltig‘.
827 2000 854 2083 ¹)
909 2000 1018 2085 itaque
1041 1998 1141 2064 verba
1169 2000 1213 2062 idi
1233 2002 1372 2062 00011000

149 2098 322 2164 coniuncta
348 2120 446 2163 unam
469 2100 631 2165 notionem
659 2101 867 2186 temporalem
897 2101 1040 2164 efficiunt
1069 2123 1133 2164 non
1162 2100 1254 2165 aliter
1276 2112 1373 2185 atque

148 2204 256 2265 0010010
278 2203 345 2266 ilico
371 2202 455 2268 Caro.
479 2202 552 2267 363.
607 2225 707 2267 unum
731 2204 916 2288 exemplum
946 2202 1117 2289 diligenter
1148 2205 1373 2287 0000100010-

148 2303 234 2381 veui,
258 2305 343 2391 quod
367 2306 400 2369 in
430 2305 625 2371 contrariam
651 2316 774 2392 partem
798 2306 907 2369 valere
937 2305 1078 2370 videtur:
1109 2305 1193 2373 Cure.
1216 2306 1278 2372 648
1302 2329 1373 2392 ,ego

148 2407 356 2492 pertimesco:
390 2408 433 2473 ibi
459 2408 536 2498 [me]
565 2408 674 2473 nescio
698 2409 771 2496 quis
795 2408 905 2493 arripit
935 2407 1091 2471 timidam‘
1115 2431 1142 2472 e.
1166 2431 1196 2493 q.
1221 2432 1246 2472 s.
1256 2409 1283 2495 2)
1317 2410 1373 2474 sed

148 2531 221 2573 curn
244 2511 289 2573 ibi
310 2509 406 2574 etiam
430 2511 631 2576 antecedenti
647 2533 744 2576 versu
759 2511 896 2594 legatur,
920 2510 1000 2574 nihil
1016 2510 1079 2573 nisi
1101 2511 1277 2577 orationem
1301 2533 1373 2575 oon·

148 2609 253 2674 tinuat
268 2612 380 2675 eedem
396 2611 502 2689 modo,
519 2634 583 2699 quo
598 2613 695 2698 Epid.
713 2612 784 2680 240.
800 2612 873 2677 245.
891 2612 963 2678 250.
1006 2623 1039 2677 at
1056 2613 1141 2691 vide,
1157 2624 1314 2698 quantum
1330 2613 1373 2676 ad

146 2712 371 2778 Palatinarum
393 2715 587 2799 scripturam
610 2715 862 2779 confirmandam
884 2715 1014 2781 valeant
1037 2729 1161 2801 septem
1175 2716 1371 2801 gravissima

148 2816 342 2894 testimonia,
378 2839 516 2901 quorum
548 2818 610 2882 tria
643 2819 707 2881 iam
741 2841 760 2881 a
794 2817 952 2882 Loreuzio
985 2818 1141 2883 citanturz
1176 2820 1264 2885 Most.
1290 2819 1374 2884 1050

147 2940 256 3001 ,quom
272 2940 346 2982 eum
358 2920 536 3006 (senatum)
549 2919 734 2997 convocavi,
747 2928 845 3003 atque
860 2919 907 2984 illi
923 2941 974 2985 me
991 2943 1031 2984 ex
1050 2931 1161 2985 senatu
1178 2931 1373 3007 segregant‘.

147 3021 262 3084 Bacch.
286 3020 348 3086 278
372 3045 419 3108 sq.
447 3023 539 3103 ,forte
562 3032 597 3086 ut
625 3021 737 3087 adsedi
759 3022 793 3085 in
815 3031 922 3108 stega,
946 3022 1024 3086 dum
1047 3022 1281 3108 circumspecto
1309 3045 1370 3101 me,

148 3134 245 3209 atque
261 3144 321 3209 ego
342 3124 485 3188 lembum
506 3125 694 3212 conspicor‘.
726 3125 822 3209 Epid.
840 3123 905 3187 217
928 3146 1038 3207 ,quom
1054 3123 1096 3187 ad
1118 3133 1248 3207 portum
1264 3125 1370 3202 venio,

147 3234 244 3309 atque
267 3247 328 3312 ego
344 3226 434 3291 illam
457 3227 503 3291 illi
525 3227 620 3293 video
643 3223 894 3313 praestolarier‘.
929 3248 1030 3290 unum
1054 3224 1182 3289 addidit
1195 3224 1369 3310 Ussingius

148 3326 316 3412 (11396):
339 3330 433 3394 Poea.
449 3330 514 3395 650
528 3329 664 3413 ,dudum
679 3349 774 3394 mane
797 3337 833 3391 ut
856 3327 899 3391 ad
921 3339 1050 3413 portum
1074 3328 1297 3413 processimus,
1322 3339 1367 3394 at·

148 3451 209 3516 que
225 3429 323 3494 istum
343 3453 359 3495 e
380 3432 455 3496 navi
471 3442 643 3497 exeuntem
662 3429 810 3496 oneraria
832 3430 1000 3496 videmus.‘
1030 3445 1198 3515 praeterea
1213 3430 1369 3496 afferendi

147 3540 222 3596 sunt
243 3534 312 3596 Mil.
335 3535 412 3618 plor.
436 3534 499 3599 288
522 3535 614 3609 ,forte
636 3535 766 3598 fortuna
788 3556 847 3618 per
874 3534 1058 3619 inpluvium
1087 3533 1151 3597 huo
1180 3534 1314 3618 despexi
1337 3535 1369 3598 in

146 3655 357 3718 proxumum:
374 3645 470 3718 atque
487 3657 547 3720 ego
559 3634 604 3698 illi
619 3635 740 3720 aspicio
753 3634 951 3699 osculantem
962 3634 1245 3714 Philocomasium,
1260 3658 1286 3704 e.
1299 3658 1330 3720 q.
1344 3660 1368 3700 0.

146 3736 236 3801 Most.
258 3735 322 3800 488
344 3735 480 3813 ‚abimus
499 3759 610 3801 omnes
627 3738 787 3814 cubitum3
810 3737 975 3800 lucernam
998 3737 1079 3801 forte
1102 3737 1222 3802 oblitus
1243 3739 1368 3803 fueram

146 3837 350 3922 extinguere:
374 3850 470 3923 atque
485 3839 540 3904 ille
556 3840 717 3905 exclamat
732 3840 906 3925 derepente
923 3845 1131 3908 maxumum‘.
1155 3842 1269 3928 Amplt.
1286 3841 1370 3906 1070

146 4033 347 4041 ——--—-

214 4161 233 4226 ¹)
254 4161 386 4217 Goetzias
407 4166 436 4217 et
452 4162 582 4218 Laevius
600 4164 654 4218 hoo
675 4164 738 4219 loco
755 4164 928 4233 scripserunt
953 4173 1006 4217 tam
1029 4164 1066 4217 ia·
1083 4164 1250 4219 Muellerum
1267 4165 1364 4229 secuti,

146 4247 194 4317 qui
214 4250 331 4317 propter
356 4248 431 4302 ctare.
449 4249 500 4304 648
523 4259 576 4302 tam
599 4248 721 4317 addidit;
748 4250 778 4302 in
802 4249 979 4303 Curculionis
1004 4251 1098 4303 autem
1124 4266 1207 4304 versu
1235 4248 1367 4303 Goetzius

146 4330 219 4385 illud
237 4341 296 4395 tam,
317 4332 393 4400 quod
410 4332 454 4385 illi
472 4333 649 4387 coniecturae
666 4332 806 4402 praesidio
824 4349 884 4387 0000
901 4332 992 4400 debet,
1011 4332 1125 4388 exulare
1142 4333 1231 4388 iussit.

230 4468 252 4535 ²)
270 4466 318 4521 Sio
336 4465 484 4536 Goetzius5
504 4467 585 4523 codd.
603 4477 655 4522 tum
672 4468 710 4523 ibi
726 4470 821 4525 mocio.
