3038 5220
660 247 860 348 Q

302 450 402 516 Uetro
425 462 472 515 te:
496 474 600 540 neque
623 474 682 540 ego
706 451 889 517 taetriorem
913 451 1041 518 beluam

304 553 430 620 Vidisse
455 577 504 619 me
527 577 681 643 umquam
704 576 899 639 quemquam
922 578 1019 642 quam
1042 565 1074 620 te
1097 578 1222 624 censeo.

144 677 207 740 pro
235 667 319 719 uetro
341 668 369 720 te
391 655 522 720 exhibet
543 657 578 720 A
604 680 707 724 uno..
737 655 789 733 „d
813 657 844 720 h.
873 680 938 721 uno
960 658 1019 721 mit
1047 659 1126 722 zwei
1154 659 1370 724 seukrechten

145 757 316 835 bocharn,
346 758 376 822 in
410 758 553 822 welchen
581 761 659 823 zuei
691 758 834 823 schmale
861 758 1071 825 Bucbstaben
1097 762 1156 825 wie
1188 784 1218 825 se
1235 762 1314 826 oder
1342 773 1370 826 te

146 862 226 926 oder
259 860 361 947 dergl.
389 861 567 948 gestanden
601 861 706 927 haben
741 868 887 939 miissen3
919 863 1177 948 (Studemundus
1212 864 1368 950 Festpmss

144 988 178 1050 p.
202 965 275 1051 64);
305 964 390 1028 unde
418 964 660 1030 Studemundus
686 966 718 1029 in
748 967 776 1027 A
799 965 897 1028 fuisse
925 976 1034 1030 censet
1061 989 1166 1042 saoce,
1195 966 1285 1030 nisus
1304 965 1367 1031 ille

145 1069 329 1153 fragmento
362 1067 504 1152 quodam
537 1066 725 1132 Pacuviano
759 1067 847 1154 apud
881 1067 1023 1132 Nonium
1058 1075 1185 1130 servato
1208 1067 1283 1155 (frg.
1305 1069 1368 1133 213

148 1167 278 1256 Ribb.):
303 1170 485 1246 ‚Occidisti,
516 1180 552 1235 ut
580 1170 680 1235 multa
705 1170 815 1256 paucis
839 1169 936 1234 verba
960 1192 1060 1234 unose
1084 1168 1292 1234 obnuntiem‘.
1316 1172 1368 1235 oui

148 1273 247 1336 verbo
270 1294 289 1335 a
313 1294 390 1336 voce
412 1297 489 1335 unus
509 1294 567 1357 per
583 1272 840 1337 terminationem
856 1276 974 1357 o(s)sus
996 1273 1143 1338 derivato
1165 1296 1240 1339 cum
1254 1274 1368 1340 Stude-

147 1375 287 1440 mundus
311 1375 581 1462 significationem
596 1374 834 1460 ‚gleiohfo'rmig
856 1375 890 1438 in
912 1375 1016 1440 ciuem
1034 1375 1138 1462 Zuge‘
1160 1376 1304 1440 vindicet
1320 1381 1367 1462 (et

146 1477 321 1565 requiritur
354 1500 430 1542 sane
456 1477 608 1542 Plautino
634 1476 705 1542 loco
733 1477 813 1541 baec
835 1478 954 1562 notio),
983 1478 1107 1543 lubrico
1135 1478 1202 1543 solo
1230 1480 1364 1562 incedit3

147 1580 264 1646 etenim
280 1603 384 1666 neque
402 1581 495 1644 unico
510 1581 591 1657 loco,
603 1603 645 1644 ex
657 1603 720 1665 quo
737 1581 831 1645 huius
848 1584 936 1646 vocis
952 1581 1099 1646 notitiam
1115 1582 1267 1669 cepimus,
1284 1581 1368 1647 hanc

147 1683 418 1768 significationem
441 1683 540 1748 babet
562 1693 594 1747 et
610 1682 736 1748 Nonius
759 1706 830 1747 eam
846 1684 1074 1748 convenienter
1096 1684 1165 1749 loco
1179 1684 1368 1749 Pacuviano

146 1789 376 1872 interpretatur
403 1787 501 1853 simul.
545 1786 678 1863 deinde,
707 1809 746 1849 ne
775 1786 853 1869 quid
876 1785 983 1850 dicam
1005 1787 1045 1851 de
1072 1786 1226 1851 adverbio
1247 1788 1282 1852 in
1303 1788 1366 1852 fine

145 1889 323 1953 sententiae
346 1888 547 1953 incommode
570 1890 684 1974 posito,
714 1911 849 1975 gravem
879 1887 1111 1954 dubitationem
1140 1900 1248 1954 movet
1280 1891 1367 1974 quod

147 1996 181 2056 in
204 1992 236 2055 A
265 2013 306 2055 ex
331 1990 547 2058 Studemundi
576 1990 683 2057 verbis
711 1992 808 2056 etiam
835 2004 923 2056 uncte
950 1992 1047 2055 fuisse
1077 2002 1196 2077 potest;
1232 1992 1367 2079 quodsi

145 2094 317 2170 sumimus,
347 2093 557 2159 Ambrosiani
579 2095 787 2180 scripturam,
817 2117 900 2178 quae
929 2095 1087 2159 sententia
1117 2117 1246 2182 prorsus
1269 2110 1367 2174 caret,

144 2197 324 2263 recensioni
357 2197 467 2262 deberi
501 2218 566 2262 non
594 2219 765 2284 possumus
793 2198 995 2262 contendere.
1047 2195 1261 2282 Niemeyerus
1289 2220 1368 2264 sane

145 2324 180 2386 p.
202 2302 243 2366 28
273 2301 352 2383 quin
380 2322 469 2364 onore
498 2324 609 2365 verum
636 2299 678 2364 sit
717 2300 824 2365 nullus
854 2297 995 2364 dubitat:
1033 2320 1157 2377 ‚verum
1185 2299 1217 2363 in
1241 2301 1276 2366 A
1298 2322 1367 2365 esse

146 2413 302 2488 apparet3
338 2424 443 2489 neque
478 2425 564 2481 vero,
599 2402 761 2489 quomodo
795 2401 924 2466 testium
958 2401 1121 2466 discordia
1147 2412 1217 2467 orta
1247 2404 1305 2481 sit,
1333 2405 1365 2467 in

147 2505 283 2571 obscuro
299 2520 355 2569 est.
377 2528 440 2569 uon
463 2506 549 2569 enim
571 2503 731 2570 intellexit
753 2516 913 2569 corrector
935 2526 1048 2570 vocem
1071 2505 1248 2570 obsoletam
1270 2516 1367 2590 atque

146 2619 197 2671 sat
218 2608 372 2672 laudabili
395 2608 581 2672 coniectura
610 2630 651 2671 ex
679 2606 806 2672 traditis
835 2607 951 2671 litteris
980 2629 1091 2671 verum
1121 2630 1155 2672 se
1182 2609 1367 2675 enucleasse

146 2710 363 2776 existimavit!
397 2733 438 2774 ex
465 2722 545 2774 vetra
571 2721 599 2774 te
621 2710 717 2786 enim,
746 2709 834 2793 quod
854 2709 884 2773 P
905 2709 1033 2786 habent,
1057 2709 1235 2794 Seyffertus
1255 2712 1366 2776 Pluot

146 2812 252 2878 XXV
269 2837 298 2900 p.
316 2813 380 2878 452
402 2812 532 2898 egregie
548 2813 689 2878 restituit
704 2814 783 2878 ultro
800 2825 836 2887 te,
852 2835 949 2897 quam
965 2814 1159 2900 scripturam
1176 2825 1213 2877 ut
1229 2837 1248 2877 a
1262 2835 1366 2900 gram·

146 2917 264 2980 matieo
293 2916 457 2981 inventam
489 2937 558 2980 esse
585 2915 714 2979 credam
737 2938 756 2980 a
780 2937 829 2979 me
854 2937 916 2979 non
944 2937 1076 3000 possum
1101 2917 1285 3001 impetrare
1308 2916 1364 2982 sed

146 3041 221 3083 cum
255 3018 295 3082 de
326 3017 533 3083 Ambrosiaui
563 3017 745 3083 testimonio
774 3041 837 3082 non
866 3019 962 3104 plane
993 3028 1135 3095 constet,
1168 3018 1288 3083 iudicio
1312 3018 1366 3084 ab·

145 3121 329 3186 stinendum
352 3121 421 3188 erit.

553 3602 711 3698 Caput
744 3604 964 3700 quintum.

230 3837 303 3903 Non
332 3850 433 3903 totum
462 3848 594 3923 repente
622 3837 715 3920 quasi
742 3837 873 3902 emersit
904 3837 991 3921 quod
1024 3837 1244 3902 demonstrare
1274 3837 1366 3904 nobis

145 3962 425 4027 proposueramus,
449 3939 507 4004 sed
528 3962 586 4025 per
609 3961 759 4024 operosas
776 3939 998 4026 inquisitiones
1020 3939 1280 4024 multiplicesque
1302 3962 1365 4004 am·

144 4042 247 4128 bages
269 4042 310 4106 ad
333 4052 450 4106 metam
467 4042 574 4106 aditus
590 4041 683 4107 nobis
698 4041 940 4128 praeparandus
962 4042 1030 4110 fuit.
1053 4041 1118 4105 iam
1141 4042 1366 4126 disputationis

146 4145 242 4231 longo
259 4167 355 4210 cursu
371 4156 503 4230 peracto
520 4168 584 4211 uno
604 4157 787 4231 conspectu,
804 4144 883 4230 quid
902 4145 1105 4223 voluerimus,
1129 4144 1208 4233 quid
1222 4145 1368 4211 adsecuti

148 4247 255 4331 simus,
280 4249 380 4315 oculis
396 4271 575 4335 proponere
591 4248 691 4316 decet.
714 4270 779 4313 nou
802 4247 895 4313 uobis
917 4249 949 4312 in
972 4248 1079 4313 animo
1101 4249 1161 4313 fuit
1182 4249 1366 4313 universam

148 4351 368 4438 quaestionem
392 4351 526 4430 solvere,
548 4351 646 4416 immo
670 4361 720 4415 sat
742 4352 857 4437 gravia
879 4351 1075 4438 reliquimus.
1110 4350 1168 4415 sed
1188 4373 1263 4415 cum
1284 4350 1367 4415 falsa

147 4453 185 4521 de
210 4452 414 4533 condicione,
445 4476 527 4545 quae
555 4453 638 4522 inter
666 4455 868 4523 recensiones
896 4455 1092 4537 intercedat,
1128 4452 1215 4521 credi
1243 4466 1275 4517 et
1297 4473 1367 4543 pro-
