<?xml version="1.0" encoding="UTF-8"?>
<!DOCTYPE html PUBLIC "-//W3C//DTD XHTML 1.0 Transitional//EN"
    "http://www.w3.org/TR/xhtml1/DTD/xhtml1-transitional.dtd">
<html xmlns="http://www.w3.org/1999/xhtml" xml:lang="en" lang="en">
 <head>
  <title>
</title>
<meta http-equiv="Content-Type" content="text/html;charset=utf-8" />
  <meta name='ocr-system' content='tesseract 3.04.00' />
  <meta name='ocr-capabilities' content='ocr_page ocr_carea ocr_par ocr_line ocrx_word'/>
</head>
<body>
  <div class='ocr_page' id='page_1' title='image "./deplautifabular01baiegoog_0061.png"; bbox 0 0 3038 5220; ppageno 0'>
   <div class='ocr_carea' id='block_1_1' title="bbox 800 234 841 299">
    <p class='ocr_par' dir='ltr' id='par_1_1' title="bbox 800 234 841 299">
     <span class='ocr_line' id='line_1_1' title="bbox 800 234 841 299; baseline 0.098 -4"><span class='ocrx_word' id='word_1_1' title='bbox 800 234 841 299; x_wconf 73' lang='lat'><strong>:32</strong></span> 
     </span>
    </p>
   </div>
   <div class='ocr_carea' id='block_1_2' title="bbox 207 437 1455 2383">
    <p class='ocr_par' dir='ltr' id='par_1_2' title="bbox 207 437 1455 2383">
     <span class='ocr_line' id='line_1_2' title="bbox 214 437 1450 527; baseline 0.001 -24"><span class='ocrx_word' id='word_1_2' title='bbox 214 450 350 525; x_wconf 91' lang='lat' dir='ltr'><strong>apparet</strong></span> <span class='ocrx_word' id='word_1_3' title='bbox 378 449 542 504; x_wconf 81' lang='lat' dir='ltr'><strong>auctorem</strong></span> <span class='ocrx_word' id='word_1_4' title='bbox 576 440 770 504; x_wconf 83' lang='lat' dir='ltr'>recensionis</span> <span class='ocrx_word' id='word_1_5' title='bbox 792 438 1045 513; x_wconf 86' lang='lat' dir='ltr'><strong>Ambrosianus,</strong></span> <span class='ocrx_word' id='word_1_6' title='bbox 1068 448 1105 501; x_wconf 92' lang='lat' dir='ltr'><strong>ut</strong></span> <span class='ocrx_word' id='word_1_7' title='bbox 1129 460 1269 503; x_wconf 81' lang='lat' dir='ltr'><strong>versum</strong></span> <span class='ocrx_word' id='word_1_8' title='bbox 1294 437 1450 527; x_wconf 82' lang='lat' dir='ltr'><strong>expleret,</strong></span> 
     </span>
     <span class='ocr_line' id='line_1_3' title="bbox 207 540 1450 628; baseline 0.001 -23"><span class='ocrx_word' id='word_1_9' title='bbox 207 566 298 628; x_wconf 86' lang='lat' dir='ltr'><strong>posco</strong></span> <span class='ocrx_word' id='word_1_10' title='bbox 320 556 372 605; x_wconf 84' lang='lat' dir='ltr'><strong>aut</strong></span> <span class='ocrx_word' id='word_1_11' title='bbox 395 543 435 605; x_wconf 86' lang='lat' dir='ltr'><strong>dc</strong></span> <span class='ocrx_word' id='word_1_12' title='bbox 457 564 515 605; x_wconf 92' lang='lat' dir='ltr'><strong>suo</strong></span> <span class='ocrx_word' id='word_1_13' title='bbox 538 542 714 620; x_wconf 87' lang='lat' dir='ltr'><strong>addidisse;</strong></span> <span class='ocrx_word' id='word_1_14' title='bbox 743 542 829 607; x_wconf 90' lang='lat' dir='ltr'><strong>idem</strong></span> <span class='ocrx_word' id='word_1_15' title='bbox 853 565 926 607; x_wconf 91' lang='lat' dir='ltr'><strong>cum</strong></span> <span class='ocrx_word' id='word_1_16' title='bbox 956 542 990 605; x_wconf 92' lang='lat' dir='ltr'><strong>in</strong></span> <span class='ocrx_word' id='word_1_17' title='bbox 1016 544 1070 625; x_wconf 71' lang='lat' dir='ltr'><strong>dyo</strong></span> <span class='ocrx_word' id='word_1_18' title='bbox 1097 542 1152 603; x_wconf 80' lang='lat' dir='ltr'><strong>‹ibs</strong></span> <span class='ocrx_word' id='word_1_19' title='bbox 1179 540 1364 620; x_wconf 78' lang='lat' dir='ltr'><strong>haereret,</strong></span> <span class='ocrx_word' id='word_1_20' title='bbox 1394 563 1450 627; x_wconf 72' lang='lat' dir='ltr'><strong>eqo,</strong></span> 
     </span>
     <span class='ocr_line' id='line_1_4' title="bbox 214 642 1450 732; baseline 0 -23"><span class='ocrx_word' id='word_1_21' title='bbox 214 645 301 732; x_wconf 91' lang='lat' dir='ltr'><strong>quod</strong></span> <span class='ocrx_word' id='word_1_22' title='bbox 321 645 353 708; x_wconf 91' lang='lat' dir='ltr'><strong>in</strong></span> <span class='ocrx_word' id='word_1_23' title='bbox 383 645 597 709; x_wconf 87' lang='lat' dir='ltr'><strong>Pservatum</strong></span> <span class='ocrx_word' id='word_1_24' title='bbox 626 648 765 709; x_wconf 87' lang='lat' dir='ltr'><strong>sermoni</strong></span> <span class='ocrx_word' id='word_1_25' title='bbox 788 644 940 709; x_wconf 87' lang='lat' dir='ltr'><strong>Plautino</strong></span> <span class='ocrx_word' id='word_1_26' title='bbox 967 643 1088 728; x_wconf 91' lang='lat' dir='ltr'><strong>optime</strong></span> <span class='ocrx_word' id='word_1_27' title='bbox 1116 642 1291 725; x_wconf 81' lang='lat' dir='ltr'><strong>convenit,</strong></span> <span class='ocrx_word' id='word_1_28' title='bbox 1321 642 1450 709; x_wconf 83' lang='lat' dir='ltr'><strong>delevit.</strong></span> 
     </span>
     <span class='ocr_line' id='line_1_5' title="bbox 298 744 1450 834; baseline 0.003 -24"><span class='ocrx_word' id='word_1_29' title='bbox 298 746 414 831; x_wconf 82' lang='lat' dir='ltr'>Neque</span> <span class='ocrx_word' id='word_1_30' title='bbox 443 749 548 811; x_wconf 93' lang='lat' dir='ltr'><strong>minus</strong></span> <span class='ocrx_word' id='word_1_31' title='bbox 570 770 686 834; x_wconf 85' lang='lat' dir='ltr'><strong>graves</strong></span> <span class='ocrx_word' id='word_1_32' title='bbox 717 747 828 812; x_wconf 88' lang='lat' dir='ltr'><strong>turbas</strong></span> <span class='ocrx_word' id='word_1_33' title='bbox 851 748 879 810; x_wconf 91' lang='lat' dir='ltr'><strong>A</strong></span> <span class='ocrx_word' id='word_1_34' title='bbox 903 768 998 809; x_wconf 84' lang='lat' dir='ltr'><strong>versu</strong></span> <span class='ocrx_word' id='word_1_35' title='bbox 1027 744 1212 830; x_wconf 81' lang='lat' dir='ltr'><strong>insequenti</strong></span> <span class='ocrx_word' id='word_1_36' title='bbox 1245 768 1378 833; x_wconf 62' lang='lat' dir='ltr'><strong>pasus</strong></span> <span class='ocrx_word' id='word_1_37' title='bbox 1400 758 1450 813; x_wconf 85' lang='lat' dir='ltr'><strong>cst</strong></span> 
     </span>
     <span class='ocr_line' id='line_1_6' title="bbox 255 864 1267 951; baseline 0 -22"><span class='ocrx_word' id='word_1_38' title='bbox 255 866 305 929; x_wconf 83' lang='lat' dir='ltr'><strong>A:</strong></span> <span class='ocrx_word' id='word_1_39' title='bbox 330 864 460 929; x_wconf 90' lang='lat' dir='ltr'><strong>Utinam</strong></span> <span class='ocrx_word' id='word_1_40' title='bbox 483 866 578 930; x_wconf 89' lang='lat' dir='ltr'><strong>item</strong></span> <span class='ocrx_word' id='word_1_41' title='bbox 601 888 620 930; x_wconf 91' lang='lat' dir='ltr'><strong>a</strong></span> <span class='ocrx_word' id='word_1_42' title='bbox 643 866 802 951; x_wconf 90' lang='lat' dir='ltr'><strong>principio</strong></span> <span class='ocrx_word' id='word_1_43' title='bbox 824 866 869 929; x_wconf 91' lang='lat' dir='ltr'><strong>rei</strong></span> <span class='ocrx_word' id='word_1_44' title='bbox 892 864 1142 950; x_wconf 77' lang='lat' dir='ltr'><strong>pepercisses</strong></span> <span class='ocrx_word' id='word_1_45' title='bbox 1165 886 1267 929; x_wconf 82' lang='lat' dir='ltr'><strong>meae</strong></span> 
     </span>
     <span class='ocr_line' id='line_1_7' title="bbox 333 967 780 1054; baseline 0.009 -22"><span class='ocrx_word' id='word_1_46' title='bbox 333 967 377 1033; x_wconf 88' lang='lat' dir='ltr'><strong>Ut</strong></span> <span class='ocrx_word' id='word_1_47' title='bbox 399 990 484 1032; x_wconf 89' lang='lat' dir='ltr'><strong>nunc</strong></span> <span class='ocrx_word' id='word_1_48' title='bbox 507 969 648 1054; x_wconf 86' lang='lat' dir='ltr'><strong>reparcis</strong></span> <span class='ocrx_word' id='word_1_49' title='bbox 672 969 780 1036; x_wconf 86' lang='lat' dir='ltr'><strong>saviis.</strong></span> 
     </span>
     <span class='ocr_line' id='line_1_8' title="bbox 253 1069 1208 1158; baseline 0.004 -25"><span class='ocrx_word' id='word_1_50' title='bbox 253 1069 296 1133; x_wconf 91' lang='lat' dir='ltr'><strong>P:</strong></span> <span class='ocrx_word' id='word_1_51' title='bbox 325 1069 458 1135; x_wconf 88' lang='lat' dir='ltr'><strong>Utinam</strong></span> <span class='ocrx_word' id='word_1_52' title='bbox 481 1094 501 1134; x_wconf 91' lang='lat' dir='ltr'><strong>a</strong></span> <span class='ocrx_word' id='word_1_53' title='bbox 523 1070 681 1158; x_wconf 91' lang='lat' dir='ltr'><strong>principio</strong></span> <span class='ocrx_word' id='word_1_54' title='bbox 704 1071 750 1134; x_wconf 90' lang='lat' dir='ltr'><strong>rei</strong></span> <span class='ocrx_word' id='word_1_55' title='bbox 773 1071 865 1134; x_wconf 90' lang='lat' dir='ltr'><strong>item</strong></span> <span class='ocrx_word' id='word_1_56' title='bbox 888 1070 1093 1154; x_wconf 82' lang='lat' dir='ltr'><strong>parsisses</strong></span> <span class='ocrx_word' id='word_1_57' title='bbox 1116 1092 1208 1137; x_wconf 78' lang='lat' dir='ltr'><strong>meae</strong></span> 
     </span>
     <span class='ocr_line' id='line_1_9' title="bbox 326 1171 775 1258; baseline -0.004 -21"><span class='ocrx_word' id='word_1_58' title='bbox 326 1171 372 1237; x_wconf 92' lang='lat' dir='ltr'><strong>Ut</strong></span> <span class='ocrx_word' id='word_1_59' title='bbox 395 1194 479 1237; x_wconf 91' lang='lat' dir='ltr'><strong>nunc</strong></span> <span class='ocrx_word' id='word_1_60' title='bbox 502 1173 644 1258; x_wconf 78' lang='lat' dir='ltr'><strong>reparcis</strong></span> <span class='ocrx_word' id='word_1_61' title='bbox 667 1173 775 1237; x_wconf 89' lang='lat' dir='ltr'><strong>saviis.</strong></span> 
     </span>
     <span class='ocr_line' id='line_1_10' title="bbox 213 1272 1452 1361; baseline 0.004 -24"><span class='ocrx_word' id='word_1_62' title='bbox 213 1272 386 1338; x_wconf 89' lang='lat' dir='ltr'><strong>Abrabam</strong></span> <span class='ocrx_word' id='word_1_63' title='bbox 409 1297 439 1361; x_wconf 94' lang='lat' dir='ltr'><strong>p.</strong></span> <span class='ocrx_word' id='word_1_64' title='bbox 459 1276 521 1339; x_wconf 75' lang='lat'><strong>214</strong></span> <span class='ocrx_word' id='word_1_65' title='bbox 538 1272 702 1338; x_wconf 90' lang='lat' dir='ltr'><strong>Palatinos</strong></span> <span class='ocrx_word' id='word_1_66' title='bbox 725 1273 766 1337; x_wconf 93' lang='lat' dir='ltr'><strong>ab</strong></span> <span class='ocrx_word' id='word_1_67' title='bbox 789 1274 875 1337; x_wconf 90' lang='lat' dir='ltr'><strong>omni</strong></span> <span class='ocrx_word' id='word_1_68' title='bbox 898 1287 989 1359; x_wconf 90' lang='lat' dir='ltr'><strong>parte</strong></span> <span class='ocrx_word' id='word_1_69' title='bbox 1011 1274 1125 1360; x_wconf 86' lang='lat' dir='ltr'><strong>probat</strong></span> <span class='ocrx_word' id='word_1_70' title='bbox 1146 1273 1252 1357; x_wconf 84' lang='lat' dir='ltr'><strong>idque</strong></span> <span class='ocrx_word' id='word_1_71' title='bbox 1278 1297 1347 1341; x_wconf 88' lang='lat' dir='ltr'><strong>suo</strong></span> <span class='ocrx_word' id='word_1_72' title='bbox 1371 1276 1452 1361; x_wconf 79' lang='lat' dir='ltr'><strong>iure3</strong></span> 
     </span>
     <span class='ocr_line' id='line_1_11' title="bbox 215 1375 1453 1465; baseline 0.003 -26"><span class='ocrx_word' id='word_1_73' title='bbox 215 1399 290 1440; x_wconf 90' lang='lat' dir='ltr'><strong>nam</strong></span> <span class='ocrx_word' id='word_1_74' title='bbox 313 1398 387 1441; x_wconf 90' lang='lat' dir='ltr'><strong>cum</strong></span> <span class='ocrx_word' id='word_1_75' title='bbox 410 1375 547 1442; x_wconf 89' lang='lat' dir='ltr'><strong>Plautus</strong></span> <span class='ocrx_word' id='word_1_76' title='bbox 570 1400 589 1440; x_wconf 90' lang='lat' dir='ltr'><strong>a</strong></span> <span class='ocrx_word' id='word_1_77' title='bbox 613 1376 711 1441; x_wconf 82' lang='lat' dir='ltr'><strong>verbo</strong></span> <span class='ocrx_word' id='word_1_78' title='bbox 740 1375 892 1461; x_wconf 86' lang='lat' dir='ltr'><strong>parcendi</strong></span> <span class='ocrx_word' id='word_1_79' title='bbox 921 1377 1041 1461; x_wconf 87' lang='lat' dir='ltr'><strong>ubique</strong></span> <span class='ocrx_word' id='word_1_80' title='bbox 1071 1378 1255 1461; x_wconf 72' lang='lat' dir='ltr'><strong>perlectum</strong></span> <span class='ocrx_word' id='word_1_81' title='bbox 1282 1382 1388 1465; x_wconf 80' lang='lat' dir='ltr'><strong>parsi</strong></span> <span class='ocrx_word' id='word_1_82' title='bbox 1407 1379 1453 1443; x_wconf 86' lang='lat' dir='ltr'><strong>ds·</strong></span> 
     </span>
     <span class='ocr_line' id='line_1_12' title="bbox 214 1479 1455 1565; baseline 0.004 -23"><span class='ocrx_word' id='word_1_83' title='bbox 214 1481 298 1543; x_wconf 85' lang='lat' dir='ltr'><strong>rivet</strong></span> <span class='ocrx_word' id='word_1_84' title='bbox 306 1481 344 1562; x_wconf 93' lang='lat'><strong>¹),</strong></span> <span class='ocrx_word' id='word_1_85' title='bbox 365 1479 570 1543; x_wconf 81' lang='lat' dir='ltr'><strong>manifestum</strong></span> <span class='ocrx_word' id='word_1_86' title='bbox 583 1490 640 1556; x_wconf 87' lang='lat' dir='ltr'><strong>est,</strong></span> <span class='ocrx_word' id='word_1_87' title='bbox 657 1479 691 1542; x_wconf 89' lang='lat' dir='ltr'><strong>in</strong></span> <span class='ocrx_word' id='word_1_88' title='bbox 704 1479 731 1542; x_wconf 84' lang='lat' dir='ltr'><strong>A</strong></span> <span class='ocrx_word' id='word_1_89' title='bbox 746 1502 803 1564; x_wconf 93' lang='lat' dir='ltr'><strong>pro</strong></span> <span class='ocrx_word' id='word_1_90' title='bbox 820 1480 1002 1562; x_wconf 79' lang='lat' dir='ltr'><strong>antiquiore</strong></span> <span class='ocrx_word' id='word_1_91' title='bbox 1013 1479 1117 1543; x_wconf 86' lang='lat' dir='ltr'><strong>forma</strong></span> <span class='ocrx_word' id='word_1_92' title='bbox 1133 1479 1315 1565; x_wconf 83' lang='lat' dir='ltr'><strong>vulgarem</strong></span> <span class='ocrx_word' id='word_1_93' title='bbox 1330 1482 1455 1547; x_wconf 83' lang='lat' dir='ltr'><strong>illatam</strong></span> 
     </span>
     <span class='ocr_line' id='line_1_13' title="bbox 217 1581 1454 1669; baseline 0.003 -24"><span class='ocrx_word' id='word_1_94' title='bbox 217 1605 302 1658; x_wconf 90' lang='lat' dir='ltr'><strong>esse;</strong></span> <span class='ocrx_word' id='word_1_95' title='bbox 326 1603 388 1646; x_wconf 92' lang='lat' dir='ltr'><strong>non</strong></span> <span class='ocrx_word' id='word_1_96' title='bbox 411 1581 510 1667; x_wconf 87' lang='lat' dir='ltr'><strong>igitur</strong></span> <span class='ocrx_word' id='word_1_97' title='bbox 533 1582 649 1645; x_wconf 90' lang='lat' dir='ltr'><strong>rationi</strong></span> <span class='ocrx_word' id='word_1_98' title='bbox 676 1582 902 1645; x_wconf 90' lang='lat' dir='ltr'><strong>convenienter</strong></span> <span class='ocrx_word' id='word_1_99' title='bbox 924 1581 1118 1669; x_wconf 81' lang='lat' dir='ltr'><strong>Spengelius</strong></span> <span class='ocrx_word' id='word_1_100' title='bbox 1145 1592 1177 1646; x_wconf 91' lang='lat' dir='ltr'><strong>et</strong></span> <span class='ocrx_word' id='word_1_101' title='bbox 1200 1581 1454 1651; x_wconf 84' lang='lat' dir='ltr'><strong>Schoelliusin</strong></span> 
     </span>
     <span class='ocr_line' id='line_1_14' title="bbox 218 1684 1237 1770; baseline 0.001 -22"><span class='ocrx_word' id='word_1_102' title='bbox 218 1684 401 1749; x_wconf 90' lang='lat' dir='ltr'><strong>adulterina</strong></span> <span class='ocrx_word' id='word_1_103' title='bbox 422 1685 525 1748; x_wconf 85' lang='lat' dir='ltr'><strong>forma</strong></span> <span class='ocrx_word' id='word_1_104' title='bbox 548 1684 647 1748; x_wconf 90' lang='lat' dir='ltr'><strong>latere</strong></span> <span class='ocrx_word' id='word_1_105' title='bbox 669 1687 838 1770; x_wconf 71' lang='lat' dir='ltr'><strong>repressisset</strong></span> <span class='ocrx_word' id='word_1_106' title='bbox 860 1696 1009 1769; x_wconf 80' lang='lat' dir='ltr'><strong>putantes</strong></span> <span class='ocrx_word' id='word_1_107' title='bbox 1034 1684 1237 1769; x_wconf 88' lang='lat' dir='ltr'><strong>scripserunt</strong></span> 
     </span>
     <span class='ocr_line' id='line_1_15' title="bbox 423 1786 1180 1873; baseline -0.003 -21"><span class='ocrx_word' id='word_1_108' title='bbox 423 1786 552 1852; x_wconf 88' lang='lat' dir='ltr'><strong>Utinam</strong></span> <span class='ocrx_word' id='word_1_109' title='bbox 575 1810 595 1851; x_wconf 92' lang='lat' dir='ltr'><strong>a</strong></span> <span class='ocrx_word' id='word_1_110' title='bbox 617 1788 777 1873; x_wconf 90' lang='lat' dir='ltr'><strong>principio</strong></span> <span class='ocrx_word' id='word_1_111' title='bbox 800 1787 845 1851; x_wconf 92' lang='lat' dir='ltr'><strong>rei</strong></span> <span class='ocrx_word' id='word_1_112' title='bbox 869 1786 1058 1873; x_wconf 89' lang='lat' dir='ltr'><strong>repersisses</strong></span> <span class='ocrx_word' id='word_1_113' title='bbox 1080 1807 1180 1851; x_wconf 89' lang='lat' dir='ltr'><strong>meae.</strong></span> 
     </span>
     <span class='ocr_line' id='line_1_16' title="bbox 215 1888 1454 1979; baseline 0.004 -27"><span class='ocrx_word' id='word_1_114' title='bbox 215 1899 382 1973; x_wconf 89' lang='lat' dir='ltr'><strong>praeterea</strong></span> <span class='ocrx_word' id='word_1_115' title='bbox 408 1889 496 1974; x_wconf 92' lang='lat' dir='ltr'><strong>quod</strong></span> <span class='ocrx_word' id='word_1_116' title='bbox 536 1890 669 1955; x_wconf 91' lang='lat' dir='ltr'><strong>verbum</strong></span> <span class='ocrx_word' id='word_1_117' title='bbox 701 1889 889 1976; x_wconf 89' lang='lat' dir='ltr'><strong>repercendi</strong></span> <span class='ocrx_word' id='word_1_118' title='bbox 928 1888 1109 1973; x_wconf 90' lang='lat' dir='ltr'><strong>insequenti</strong></span> <span class='ocrx_word' id='word_1_119' title='bbox 1140 1911 1241 1954; x_wconf 87' lang='lat' dir='ltr'><strong>versu</strong></span> <span class='ocrx_word' id='word_1_120' title='bbox 1278 1893 1454 1979; x_wconf 86' lang='lat' dir='ltr'><strong>repetitur,</strong></span> 
     </span>
     <span class='ocr_line' id='line_1_17' title="bbox 214 1990 1454 2083; baseline 0.005 -29"><span class='ocrx_word' id='word_1_121' title='bbox 214 2014 266 2054; x_wconf 91' lang='lat' dir='ltr'><strong>me</strong></span> <span class='ocrx_word' id='word_1_122' title='bbox 283 1992 411 2077; x_wconf 90' lang='lat' dir='ltr'><strong>quidem</strong></span> <span class='ocrx_word' id='word_1_123' title='bbox 445 1992 551 2057; x_wconf 88' lang='lat' dir='ltr'><strong>iudice</strong></span> <span class='ocrx_word' id='word_1_124' title='bbox 579 1994 784 2057; x_wconf 89' lang='lat' dir='ltr'><strong>coniecturae</strong></span> <span class='ocrx_word' id='word_1_125' title='bbox 814 1992 910 2055; x_wconf 87' lang='lat' dir='ltr'><strong>fidem</strong></span> <span class='ocrx_word' id='word_1_126' title='bbox 941 2013 1005 2055; x_wconf 89' lang='lat' dir='ltr'><strong>non</strong></span> <span class='ocrx_word' id='word_1_127' title='bbox 1037 2000 1106 2055; x_wconf 86' lang='lat' dir='ltr'><strong>tam</strong></span> <span class='ocrx_word' id='word_1_128' title='bbox 1132 1990 1326 2071; x_wconf 85' lang='lat' dir='ltr'><strong>confirmat,</strong></span> <span class='ocrx_word' id='word_1_129' title='bbox 1359 2018 1454 2083; x_wconf 85' lang='lat' dir='ltr'><strong>quam</strong></span> 
     </span>
     <span class='ocr_line' id='line_1_18' title="bbox 215 2091 1454 2178; baseline 0.003 -21"><span class='ocrx_word' id='word_1_130' title='bbox 215 2093 372 2178; x_wconf 81' lang='lat' dir='ltr'><strong>infringit.</strong></span> <span class='ocrx_word' id='word_1_131' title='bbox 397 2096 457 2158; x_wconf 92' lang='lat' dir='ltr'><strong>hoc</strong></span> <span class='ocrx_word' id='word_1_132' title='bbox 474 2109 581 2159; x_wconf 87' lang='lat' dir='ltr'><strong>autem</strong></span> <span class='ocrx_word' id='word_1_133' title='bbox 594 2094 626 2158; x_wconf 90' lang='lat' dir='ltr'><strong>in</strong></span> <span class='ocrx_word' id='word_1_134' title='bbox 644 2095 747 2158; x_wconf 85' lang='lat' dir='ltr'><strong>medio</strong></span> <span class='ocrx_word' id='word_1_135' title='bbox 763 2091 1008 2176; x_wconf 88' lang='lat' dir='ltr'><strong>relinquendum</strong></span> <span class='ocrx_word' id='word_1_136' title='bbox 1024 2108 1084 2167; x_wconf 90' lang='lat' dir='ltr'><strong>est,</strong></span> <span class='ocrx_word' id='word_1_137' title='bbox 1099 2104 1207 2156; x_wconf 90' lang='lat' dir='ltr'><strong>utrum</strong></span> <span class='ocrx_word' id='word_1_138' title='bbox 1225 2106 1454 2163; x_wconf 84' lang='lat' dir='ltr'><strong>correctorem</strong></span> 
     </span>
     <span class='ocr_line' id='line_1_19' title="bbox 214 2195 1454 2285; baseline 0.006 -26"><span class='ocrx_word' id='word_1_139' title='bbox 214 2195 317 2260; x_wconf 89' lang='lat' dir='ltr'><strong>forma</strong></span> <span class='ocrx_word' id='word_1_140' title='bbox 339 2201 517 2283; x_wconf 72' lang='lat' dir='ltr'><strong>pepercisses</strong></span> <span class='ocrx_word' id='word_1_141' title='bbox 549 2197 640 2261; x_wconf 89' lang='lat' dir='ltr'><strong>illata</strong></span> <span class='ocrx_word' id='word_1_142' title='bbox 670 2197 818 2262; x_wconf 89' lang='lat' dir='ltr'><strong>voculam</strong></span> <span class='ocrx_word' id='word_1_143' title='bbox 849 2199 919 2259; x_wconf 83' lang='lat' dir='ltr'><strong>item</strong></span> <span class='ocrx_word' id='word_1_144' title='bbox 947 2195 1039 2259; x_wconf 90' lang='lat' dir='ltr'><strong>metri</strong></span> <span class='ocrx_word' id='word_1_145' title='bbox 1066 2195 1171 2282; x_wconf 85' lang='lat' dir='ltr'><strong>gratia</strong></span> <span class='ocrx_word' id='word_1_146' title='bbox 1200 2201 1454 2285; x_wconf 81' lang='lat' dir='ltr'><strong>transposuisse</strong></span> 
     </span>
     <span class='ocr_line' id='line_1_20' title="bbox 215 2297 986 2383; baseline -0.001 -21"><span class='ocrx_word' id='word_1_147' title='bbox 215 2310 375 2383; x_wconf 89' lang='lat' dir='ltr'><strong>putemus,</strong></span> <span class='ocrx_word' id='word_1_148' title='bbox 400 2309 433 2365; x_wconf 89' lang='lat' dir='ltr'><strong>ut</strong></span> <span class='ocrx_word' id='word_1_149' title='bbox 456 2298 509 2362; x_wconf 92' lang='lat' dir='ltr'><strong>hic</strong></span> <span class='ocrx_word' id='word_1_150' title='bbox 531 2298 560 2363; x_wconf 93' lang='lat' dir='ltr'><strong>ei</strong></span> <span class='ocrx_word' id='word_1_151' title='bbox 584 2321 694 2362; x_wconf 89' lang='lat' dir='ltr'><strong>versus</strong></span> <span class='ocrx_word' id='word_1_152' title='bbox 719 2297 908 2363; x_wconf 90' lang='lat' dir='ltr'><strong>tribuendus</strong></span> <span class='ocrx_word' id='word_1_153' title='bbox 931 2298 986 2362; x_wconf 85' lang='lat' dir='ltr'><strong>sit:</strong></span> 
     </span>
    </p>
   </div>
   <div class='ocr_carea' id='block_1_3' title="bbox 214 2416 1458 4349">
    <p class='ocr_par' dir='ltr' id='par_1_3' title="bbox 214 2416 1454 2810">
     <span class='ocr_line' id='line_1_21' title="bbox 401 2416 1261 2504; baseline 0 -21"><span class='ocrx_word' id='word_1_154' title='bbox 401 2418 529 2483; x_wconf 90' lang='lat' dir='ltr'><strong>Utinam</strong></span> <span class='ocrx_word' id='word_1_155' title='bbox 552 2419 627 2482; x_wconf 88' lang='lat' dir='ltr'><strong>item</strong></span> <span class='ocrx_word' id='word_1_156' title='bbox 649 2418 670 2477; x_wconf 65' lang='grc' dir='ltr'>ἰ</span> <span class='ocrx_word' id='word_1_157' title='bbox 694 2417 852 2504; x_wconf 89' lang='lat' dir='ltr'><strong>principio</strong></span> <span class='ocrx_word' id='word_1_158' title='bbox 874 2419 921 2483; x_wconf 93' lang='lat' dir='ltr'><strong>rel</strong></span> <span class='ocrx_word' id='word_1_159' title='bbox 943 2416 1141 2504; x_wconf 70' lang='lat' dir='ltr'><strong>pepercisses</strong></span> <span class='ocrx_word' id='word_1_160' title='bbox 1164 2440 1261 2483; x_wconf 89' lang='lat' dir='ltr'><strong>meae</strong></span> 
     </span>
     <span class='ocr_line' id='line_1_22' title="bbox 214 2518 1453 2608; baseline 0.005 -25"><span class='ocrx_word' id='word_1_161' title='bbox 214 2559 257 2568; x_wconf 91' lang='lat'>-</span> <span class='ocrx_word' id='word_1_162' title='bbox 278 2521 363 2606; x_wconf 92' lang='lat' dir='ltr'><strong>quod</strong></span> <span class='ocrx_word' id='word_1_163' title='bbox 381 2521 454 2584; x_wconf 90' lang='lat' dir='ltr'><strong>ideo</strong></span> <span class='ocrx_word' id='word_1_164' title='bbox 476 2544 590 2606; x_wconf 88' lang='lat' dir='ltr'><strong>parum</strong></span> <span class='ocrx_word' id='word_1_165' title='bbox 616 2518 847 2608; x_wconf 81' lang='lat' dir='ltr'><strong>probabilitatis</strong></span> <span class='ocrx_word' id='word_1_166' title='bbox 870 2520 982 2597; x_wconf 91' lang='lat' dir='ltr'><strong>habet&#39;,</strong></span> <span class='ocrx_word' id='word_1_167' title='bbox 1007 2520 1094 2607; x_wconf 91' lang='lat' dir='ltr'><strong>quod</strong></span> <span class='ocrx_word' id='word_1_168' title='bbox 1117 2542 1211 2584; x_wconf 88' lang='lat' dir='ltr'><strong>versu</strong></span> <span class='ocrx_word' id='word_1_169' title='bbox 1237 2523 1453 2591; x_wconf 87' lang='lat' dir='ltr'><strong>antecedenti</strong></span> 
     </span>
     <span class='ocr_line' id='line_1_23' title="bbox 216 2622 1454 2708; baseline 0.007 -23"><span class='ocrx_word' id='word_1_170' title='bbox 216 2624 248 2685; x_wconf 90' lang='lat' dir='ltr'><strong>in</strong></span> <span class='ocrx_word' id='word_1_171' title='bbox 272 2645 326 2707; x_wconf 76' lang='lat' dir='ltr'><strong>spo</strong></span> <span class='ocrx_word' id='word_1_172' title='bbox 347 2624 401 2685; x_wconf 70' lang='lat' dir='ltr'><strong>sta</strong></span> <span class='ocrx_word' id='word_1_173' title='bbox 424 2622 595 2688; x_wconf 84' lang='lat' dir='ltr'><strong>offendisse</strong></span> <span class='ocrx_word' id='word_1_174' title='bbox 618 2634 829 2690; x_wconf 86' lang='lat' dir='ltr'><strong>correctorem</strong></span> <span class='ocrx_word' id='word_1_175' title='bbox 853 2623 995 2689; x_wconf 85' lang='lat' dir='ltr'><strong>diximus</strong></span> <span class='ocrx_word' id='word_1_176' title='bbox 1019 2662 1058 2673; x_wconf 93' lang='lat'>-</span> <span class='ocrx_word' id='word_1_177' title='bbox 1082 2645 1125 2687; x_wconf 88' lang='lat' dir='ltr'><strong>an</strong></span> <span class='ocrx_word' id='word_1_178' title='bbox 1146 2622 1250 2708; x_wconf 89' lang='lat' dir='ltr'><strong>inepti</strong></span> <span class='ocrx_word' id='word_1_179' title='bbox 1276 2626 1454 2694; x_wconf 87' lang='lat' dir='ltr'><strong>cuiusdam</strong></span> 
     </span>
     <span class='ocr_line' id='line_1_24' title="bbox 216 2726 1078 2810; baseline -0.001 -21"><span class='ocrx_word' id='word_1_180' title='bbox 216 2726 420 2810; x_wconf 86' lang='lat' dir='ltr'><strong>grammatici</strong></span> <span class='ocrx_word' id='word_1_181' title='bbox 444 2749 541 2792; x_wconf 87' lang='lat' dir='ltr'><strong>manu</strong></span> <span class='ocrx_word' id='word_1_182' title='bbox 564 2727 674 2792; x_wconf 80' lang='lat' dir='ltr'><strong>turbas</strong></span> <span class='ocrx_word' id='word_1_183' title='bbox 691 2739 782 2791; x_wconf 89' lang='lat' dir='ltr'><strong>natas</strong></span> <span class='ocrx_word' id='word_1_184' title='bbox 805 2749 874 2791; x_wconf 90' lang='lat' dir='ltr'><strong>esse</strong></span> <span class='ocrx_word' id='word_1_185' title='bbox 898 2727 1078 2792; x_wconf 87' lang='lat' dir='ltr'><strong>credamus.</strong></span> 
     </span>
    </p>

    <p class='ocr_par' dir='ltr' id='par_1_4' title="bbox 215 2826 1453 3222">
     <span class='ocr_line' id='line_1_25' title="bbox 300 2826 1452 2919; baseline 0.007 -29"><span class='ocrx_word' id='word_1_186' title='bbox 300 2826 489 2893; x_wconf 78' lang='lat' dir='ltr'><strong>Transimus</strong></span> <span class='ocrx_word' id='word_1_187' title='bbox 528 2829 570 2893; x_wconf 90' lang='lat' dir='ltr'><strong>ad</strong></span> <span class='ocrx_word' id='word_1_188' title='bbox 606 2852 735 2894; x_wconf 88' lang='lat' dir='ltr'><strong>versum</strong></span> <span class='ocrx_word' id='word_1_189' title='bbox 772 2830 916 2915; x_wconf 89' lang='lat' dir='ltr'><strong>inprimis</strong></span> <span class='ocrx_word' id='word_1_190' title='bbox 945 2828 1202 2905; x_wconf 88' lang='lat' dir='ltr'><strong>memorabilem,</strong></span> <span class='ocrx_word' id='word_1_191' title='bbox 1244 2829 1308 2895; x_wconf 89' lang='lat' dir='ltr'><strong>ubi</strong></span> <span class='ocrx_word' id='word_1_192' title='bbox 1349 2835 1452 2919; x_wconf 86' lang='lat' dir='ltr'><strong>primo</strong></span> 
     </span>
     <span class='ocr_line' id='line_1_26' title="bbox 216 2929 1452 3021; baseline 0.007 -29"><span class='ocrx_word' id='word_1_193' title='bbox 216 2929 329 2993; x_wconf 92' lang='lat' dir='ltr'><strong>obtutu</strong></span> <span class='ocrx_word' id='word_1_194' title='bbox 351 2930 408 2994; x_wconf 84' lang='lat' dir='ltr'><strong>vix</strong></span> <span class='ocrx_word' id='word_1_195' title='bbox 431 2932 602 3018; x_wconf 90' lang='lat' dir='ltr'><strong>quisquam</strong></span> <span class='ocrx_word' id='word_1_196' title='bbox 617 2932 829 2997; x_wconf 89' lang='lat' dir='ltr'><strong>Ambrosiani</strong></span> <span class='ocrx_word' id='word_1_197' title='bbox 845 2933 1078 3021; x_wconf 88' lang='lat' dir='ltr'><strong>praestantiam</strong></span> <span class='ocrx_word' id='word_1_198' title='bbox 1102 2955 1164 2996; x_wconf 91' lang='lat' dir='ltr'><strong>non</strong></span> <span class='ocrx_word' id='word_1_199' title='bbox 1183 2931 1316 3012; x_wconf 85' lang='lat' dir='ltr'><strong>laudet,</strong></span> <span class='ocrx_word' id='word_1_200' title='bbox 1336 2938 1452 3003; x_wconf 89' lang='lat' dir='ltr'><strong>acriter</strong></span> 
     </span>
     <span class='ocr_line' id='line_1_27' title="bbox 217 3033 1453 3121; baseline 0.007 -26"><span class='ocrx_word' id='word_1_201' title='bbox 217 3054 293 3096; x_wconf 91' lang='lat' dir='ltr'><strong>vero</strong></span> <span class='ocrx_word' id='word_1_202' title='bbox 330 3034 528 3098; x_wconf 88' lang='lat' dir='ltr'><strong>intuentibus</strong></span> <span class='ocrx_word' id='word_1_203' title='bbox 565 3035 705 3099; x_wconf 89' lang='lat' dir='ltr'><strong>Palatini</strong></span> <span class='ocrx_word' id='word_1_204' title='bbox 745 3035 839 3100; x_wconf 90' lang='lat' dir='ltr'><strong>unice</strong></span> <span class='ocrx_word' id='word_1_205' title='bbox 877 3033 1062 3119; x_wconf 91' lang='lat' dir='ltr'><strong>probantur.</strong></span> <span class='ocrx_word' id='word_1_206' title='bbox 1122 3035 1219 3121; x_wconf 62' lang='lat' dir='ltr'><strong>lapid.</strong></span> <span class='ocrx_word' id='word_1_207' title='bbox 1259 3035 1330 3101; x_wconf 83' lang='lat'><strong>165</strong></span> <span class='ocrx_word' id='word_1_208' title='bbox 1376 3038 1453 3103; x_wconf 83' lang='lat' dir='ltr'><strong>Am·</strong></span> 
     </span>
     <span class='ocr_line' id='line_1_28' title="bbox 215 3134 1208 3222; baseline 0.002 -24"><span class='ocrx_word' id='word_1_209' title='bbox 215 3134 394 3211; x_wconf 88' lang='lat' dir='ltr'><strong>brosianus‚</strong></span> <span class='ocrx_word' id='word_1_210' title='bbox 418 3136 472 3220; x_wconf 91' lang='lat' dir='ltr'><strong>qui</strong></span> <span class='ocrx_word' id='word_1_211' title='bbox 497 3138 631 3200; x_wconf 84' lang='lat' dir='ltr'><strong>Goetzio</strong></span> <span class='ocrx_word' id='word_1_212' title='bbox 654 3159 783 3222; x_wconf 90' lang='lat' dir='ltr'><strong>quoque</strong></span> <span class='ocrx_word' id='word_1_213' title='bbox 806 3138 972 3222; x_wconf 88' lang='lat' dir='ltr'><strong>imposuit,</strong></span> <span class='ocrx_word' id='word_1_214' title='bbox 997 3138 1076 3202; x_wconf 86' lang='lat' dir='ltr'><strong>haec</strong></span> <span class='ocrx_word' id='word_1_215' title='bbox 1099 3136 1208 3201; x_wconf 87' lang='lat' dir='ltr'><strong>habet:</strong></span> 
     </span>
    </p>

    <p class='ocr_par' dir='ltr' id='par_1_5' title="bbox 216 3237 1458 4349">
     <span class='ocr_line' id='line_1_29' title="bbox 300 3237 1330 3306; baseline 0.004 -4"><span class='ocrx_word' id='word_1_216' title='bbox 300 3237 352 3302; x_wconf 89' lang='lat' dir='ltr'><strong>Ne</strong></span> <span class='ocrx_word' id='word_1_217' title='bbox 376 3238 468 3302; x_wconf 89' lang='lat' dir='ltr'><strong>hinc</strong></span> <span class='ocrx_word' id='word_1_218' title='bbox 490 3241 576 3303; x_wconf 85' lang='lat' dir='ltr'><strong>foras</strong></span> <span class='ocrx_word' id='word_1_219' title='bbox 600 3240 829 3305; x_wconf 88' lang='lat' dir='ltr'><strong>exambulet</strong></span> <span class='ocrx_word' id='word_1_220' title='bbox 852 3263 932 3303; x_wconf 90' lang='lat' dir='ltr'><strong>neve</strong></span> <span class='ocrx_word' id='word_1_221' title='bbox 956 3240 1085 3305; x_wconf 89' lang='lat' dir='ltr'><strong>obviam</strong></span> <span class='ocrx_word' id='word_1_222' title='bbox 1110 3238 1216 3302; x_wconf 88' lang='lat' dir='ltr'><strong>veniat</strong></span> <span class='ocrx_word' id='word_1_223' title='bbox 1240 3244 1330 3306; x_wconf 86' lang='lat' dir='ltr'><strong>seni.</strong></span> 
     </span>
     <span class='ocr_line' id='line_1_30' title="bbox 216 3340 1452 3427; baseline 0.006 -24"><span class='ocrx_word' id='word_1_224' title='bbox 216 3340 256 3404; x_wconf 94' lang='lat' dir='ltr'><strong>de</strong></span> <span class='ocrx_word' id='word_1_225' title='bbox 281 3363 345 3423; x_wconf 90' lang='lat' dir='ltr'><strong>quo</strong></span> <span class='ocrx_word' id='word_1_226' title='bbox 374 3342 544 3407; x_wconf 88' lang='lat' dir='ltr'><strong>audiamus</strong></span> <span class='ocrx_word' id='word_1_227' title='bbox 566 3342 760 3425; x_wconf 87' lang='lat' dir='ltr'><strong>Langenum</strong></span> <span class='ocrx_word' id='word_1_228' title='bbox 788 3365 818 3427; x_wconf 90' lang='lat' dir='ltr'><strong>p.</strong></span> <span class='ocrx_word' id='word_1_229' title='bbox 842 3342 905 3408; x_wconf 76' lang='lat'><strong>‘205</strong></span> <span class='ocrx_word' id='word_1_230' title='bbox 928 3343 973 3405; x_wconf 89' lang='lat' dir='ltr'><strong>ita</strong></span> <span class='ocrx_word' id='word_1_231' title='bbox 995 3342 1225 3427; x_wconf 85' lang='lat' dir='ltr'><strong>disputantem:</strong></span> <span class='ocrx_word' id='word_1_232' title='bbox 1251 3342 1337 3420; x_wconf 85' lang='lat' dir='ltr'><strong>,Die</strong></span> <span class='ocrx_word' id='word_1_233' title='bbox 1362 3344 1452 3413; x_wconf 82' lang='lat' dir='ltr'><strong>Gom·</strong></span> 
     </span>
     <span class='ocr_line' id='line_1_31' title="bbox 216 3443 1453 3528; baseline 0.008 -24"><span class='ocrx_word' id='word_1_234' title='bbox 216 3443 322 3528; x_wconf 90' lang='lat' dir='ltr'><strong>posita</strong></span> <span class='ocrx_word' id='word_1_235' title='bbox 344 3465 408 3508; x_wconf 88' lang='lat' dir='ltr'><strong>von</strong></span> <span class='ocrx_word' id='word_1_236' title='bbox 424 3444 602 3520; x_wconf 88' lang='lat' dir='ltr'><strong>ambulare,</strong></span> <span class='ocrx_word' id='word_1_237' title='bbox 624 3446 745 3509; x_wconf 91' lang='lat' dir='ltr'><strong>welche</strong></span> <span class='ocrx_word' id='word_1_238' title='bbox 769 3443 820 3509; x_wconf 92' lang='lat' dir='ltr'><strong>bei</strong></span> <span class='ocrx_word' id='word_1_239' title='bbox 836 3444 973 3510; x_wconf 89' lang='lat' dir='ltr'><strong>Plautus</strong></span> <span class='ocrx_word' id='word_1_240' title='bbox 998 3445 1217 3520; x_wconf 85' lang='lat' dir='ltr'><strong>vorkommen,</strong></span> <span class='ocrx_word' id='word_1_241' title='bbox 1243 3444 1453 3516; x_wconf 88' lang='lat' dir='ltr'><strong>bezeichnen</strong></span> 
     </span>
     <span class='ocr_line' id='line_1_32' title="bbox 218 3546 1453 3634; baseline 0.007 -27"><span class='ocrx_word' id='word_1_242' title='bbox 218 3546 307 3610; x_wconf 91' lang='lat' dir='ltr'><strong>nicht</strong></span> <span class='ocrx_word' id='word_1_243' title='bbox 338 3546 389 3611; x_wconf 91' lang='lat' dir='ltr'><strong>die</strong></span> <span class='ocrx_word' id='word_1_244' title='bbox 411 3546 600 3634; x_wconf 88' lang='lat' dir='ltr'><strong>Bewegnng</strong></span> <span class='ocrx_word' id='word_1_245' title='bbox 624 3571 685 3611; x_wconf 92' lang='lat' dir='ltr'><strong>von</strong></span> <span class='ocrx_word' id='word_1_246' title='bbox 710 3549 812 3612; x_wconf 89' lang='lat' dir='ltr'><strong>einem</strong></span> <span class='ocrx_word' id='word_1_247' title='bbox 837 3546 916 3612; x_wconf 89' lang='lat' dir='ltr'><strong>Ortc</strong></span> <span class='ocrx_word' id='word_1_248' title='bbox 940 3570 1009 3632; x_wconf 85' lang='lat' dir='ltr'><strong>weg</strong></span> <span class='ocrx_word' id='word_1_249' title='bbox 1037 3571 1077 3612; x_wconf 94' lang='lat' dir='ltr'><strong>zu</strong></span> <span class='ocrx_word' id='word_1_250' title='bbox 1099 3547 1203 3611; x_wconf 91' lang='lat' dir='ltr'><strong>einem</strong></span> <span class='ocrx_word' id='word_1_251' title='bbox 1226 3548 1366 3617; x_wconf 79' lang='lat' dir='ltr'><strong>andern</strong></span> <span class='ocrx_word' id='word_1_252' title='bbox 1390 3554 1453 3629; x_wconf 91' lang='lat' dir='ltr'><strong>bin,</strong></span> 
     </span>
     <span class='ocr_line' id='line_1_33' title="bbox 220 3648 1453 3736; baseline 0.006 -26"><span class='ocrx_word' id='word_1_253' title='bbox 220 3648 357 3712; x_wconf 90' lang='lat' dir='ltr'><strong>sondern</strong></span> <span class='ocrx_word' id='word_1_254' title='bbox 388 3673 448 3713; x_wconf 90' lang='lat' dir='ltr'><strong>nur</strong></span> <span class='ocrx_word' id='word_1_255' title='bbox 476 3650 546 3714; x_wconf 89' lang='lat' dir='ltr'><strong>eine</strong></span> <span class='ocrx_word' id='word_1_256' title='bbox 577 3651 763 3736; x_wconf 88' lang='lat' dir='ltr'><strong>Bewegung</strong></span> <span class='ocrx_word' id='word_1_257' title='bbox 791 3648 961 3715; x_wconf 90' lang='lat' dir='ltr'><strong>innerhalb</strong></span> <span class='ocrx_word' id='word_1_258' title='bbox 990 3649 1076 3712; x_wconf 88' lang='lat' dir='ltr'><strong>eines</strong></span> <span class='ocrx_word' id='word_1_259' title='bbox 1105 3648 1250 3713; x_wconf 88' lang='lat' dir='ltr'><strong>Raumes</strong></span> <span class='ocrx_word' id='word_1_260' title='bbox 1281 3655 1365 3734; x_wconf 80' lang='lat' dir='ltr'><strong>‚auf</strong></span> <span class='ocrx_word' id='word_1_261' title='bbox 1390 3653 1453 3719; x_wconf 87' lang='lat' dir='ltr'><strong>und</strong></span> 
     </span>
     <span class='ocr_line' id='line_1_34' title="bbox 217 3749 1453 3836; baseline 0.007 -25"><span class='ocrx_word' id='word_1_262' title='bbox 217 3749 385 3834; x_wconf 86' lang='lat' dir='ltr'><strong>abgehen.‘</strong></span> <span class='ocrx_word' id='word_1_263' title='bbox 424 3751 533 3835; x_wconf 91' lang='lat' dir='ltr'><strong>itaque</strong></span> <span class='ocrx_word' id='word_1_264' title='bbox 544 3751 606 3815; x_wconf 90' lang='lat' dir='ltr'><strong>hoc</strong></span> <span class='ocrx_word' id='word_1_265' title='bbox 623 3751 694 3815; x_wconf 93' lang='lat' dir='ltr'><strong>loco</strong></span> <span class='ocrx_word' id='word_1_266' title='bbox 710 3751 807 3815; x_wconf 90' lang='lat' dir='ltr'><strong>verbo</strong></span> <span class='ocrx_word' id='word_1_267' title='bbox 828 3750 1057 3816; x_wconf 88' lang='lat' dir='ltr'><strong>exambulandi</strong></span> <span class='ocrx_word' id='word_1_268' title='bbox 1078 3750 1272 3836; x_wconf 86' lang='lat' dir='ltr'><strong>significatio</strong></span> <span class='ocrx_word' id='word_1_269' title='bbox 1288 3775 1309 3817; x_wconf 89' lang='lat' dir='ltr'><strong>a</strong></span> <span class='ocrx_word' id='word_1_270' title='bbox 1329 3755 1453 3823; x_wconf 91' lang='lat' dir='ltr'><strong>Plauto</strong></span> 
     </span>
     <span class='ocr_line' id='line_1_35' title="bbox 218 3850 1454 3939; baseline 0.009 -25"><span class='ocrx_word' id='word_1_271' title='bbox 218 3850 323 3915; x_wconf 89' lang='lat' dir='ltr'><strong>aliena</strong></span> <span class='ocrx_word' id='word_1_272' title='bbox 344 3852 535 3937; x_wconf 90' lang='lat' dir='ltr'><strong>imponitur;</strong></span> <span class='ocrx_word' id='word_1_273' title='bbox 551 3854 676 3917; x_wconf 91' lang='lat' dir='ltr'><strong>accedit</strong></span> <span class='ocrx_word' id='word_1_274' title='bbox 694 3854 798 3937; x_wconf 80' lang='lat' dir='ltr'><strong>aliud3</strong></span> <span class='ocrx_word' id='word_1_275' title='bbox 816 3854 923 3939; x_wconf 90' lang='lat' dir='ltr'><strong>pergit</strong></span> <span class='ocrx_word' id='word_1_276' title='bbox 935 3853 1021 3917; x_wconf 89' lang='lat' dir='ltr'><strong>enim</strong></span> <span class='ocrx_word' id='word_1_277' title='bbox 1039 3852 1231 3939; x_wconf 81' lang='lat' dir='ltr'><strong>Langenust</strong></span> <span class='ocrx_word' id='word_1_278' title='bbox 1249 3854 1351 3935; x_wconf 87' lang='lat' dir='ltr'><strong>,binc</strong></span> <span class='ocrx_word' id='word_1_279' title='bbox 1368 3861 1454 3926; x_wconf 88' lang='lat' dir='ltr'><strong>kann</strong></span> 
     </span>
     <span class='ocr_line' id='line_1_36' title="bbox 217 3954 1454 4039; baseline 0.004 -22"><span class='ocrx_word' id='word_1_280' title='bbox 217 3954 402 4036; x_wconf 83' lang='lat' dir='ltr'><strong>unmdglicb</strong></span> <span class='ocrx_word' id='word_1_281' title='bbox 416 3954 535 4038; x_wconf 89' lang='lat' dir='ltr'><strong>richtig</strong></span> <span class='ocrx_word' id='word_1_282' title='bbox 547 3954 624 4019; x_wconf 89' lang='lat' dir='ltr'><strong>sein.</strong></span> <span class='ocrx_word' id='word_1_283' title='bbox 648 3955 805 4038; x_wconf 77' lang='lat' dir='ltr'><strong>Epidicus</strong></span> <span class='ocrx_word' id='word_1_284' title='bbox 819 3957 940 4039; x_wconf 88' lang='lat' dir='ltr'><strong>spricht</strong></span> <span class='ocrx_word' id='word_1_285' title='bbox 958 3955 1010 4020; x_wconf 85' lang='lat' dir='ltr'><strong>dio</strong></span> <span class='ocrx_word' id='word_1_286' title='bbox 1023 3955 1136 4021; x_wconf 91' lang='lat' dir='ltr'><strong>Worte</strong></span> <span class='ocrx_word' id='word_1_287' title='bbox 1148 3977 1207 4021; x_wconf 86' lang='lat' dir='ltr'><strong>vor</strong></span> <span class='ocrx_word' id='word_1_288' title='bbox 1223 3954 1302 4021; x_wconf 90' lang='lat' dir='ltr'><strong>dem</strong></span> <span class='ocrx_word' id='word_1_289' title='bbox 1322 3959 1454 4039; x_wconf 77' lang='lat' dir='ltr'><strong>Haase,</strong></span> 
     </span>
     <span class='ocr_line' id='line_1_37' title="bbox 217 4057 1456 4144; baseline 0.01 -25"><span class='ocrx_word' id='word_1_290' title='bbox 217 4079 252 4120; x_wconf 90' lang='lat' dir='ltr'><strong>er</strong></span> <span class='ocrx_word' id='word_1_291' title='bbox 270 4057 333 4120; x_wconf 88' lang='lat' dir='ltr'><strong>will</strong></span> <span class='ocrx_word' id='word_1_292' title='bbox 360 4057 421 4120; x_wconf 90' lang='lat' dir='ltr'><strong>den</strong></span> <span class='ocrx_word' id='word_1_293' title='bbox 444 4059 570 4144; x_wconf 91' lang='lat' dir='ltr'><strong>jungen</strong></span> <span class='ocrx_word' id='word_1_294' title='bbox 592 4057 691 4121; x_wconf 88' lang='lat' dir='ltr'><strong>Manu</strong></span> <span class='ocrx_word' id='word_1_295' title='bbox 722 4079 859 4133; x_wconf 81' lang='lat' dir='ltr'><strong>warner,</strong></span> <span class='ocrx_word' id='word_1_296' title='bbox 888 4058 977 4122; x_wconf 87' lang='lat' dir='ltr'><strong>nicht</strong></span> <span class='ocrx_word' id='word_1_297' title='bbox 1004 4081 1061 4123; x_wconf 88' lang='lat' dir='ltr'><strong>aus</strong></span> <span class='ocrx_word' id='word_1_298' title='bbox 1082 4058 1154 4123; x_wconf 91' lang='lat' dir='ltr'><strong>dem</strong></span> <span class='ocrx_word' id='word_1_299' title='bbox 1174 4057 1294 4125; x_wconf 88' lang='lat' dir='ltr'><strong>Hause</strong></span> <span class='ocrx_word' id='word_1_300' title='bbox 1312 4066 1385 4131; x_wconf 84' lang='lat' dir='ltr'><strong>auf</strong></span> <span class='ocrx_word' id='word_1_301' title='bbox 1406 4066 1456 4131; x_wconf 88' lang='lat' dir='ltr'><strong>dic</strong></span> 
     </span>
     <span class='ocr_line' id='line_1_38' title="bbox 218 4158 1456 4246; baseline 0.011 -22"><span class='ocrx_word' id='word_1_302' title='bbox 218 4159 345 4224; x_wconf 82' lang='lat' dir='ltr'><strong>Strasse</strong></span> <span class='ocrx_word' id='word_1_303' title='bbox 358 4182 398 4223; x_wconf 81' lang='lat' dir='ltr'><strong>zu</strong></span> <span class='ocrx_word' id='word_1_304' title='bbox 411 4160 573 4243; x_wconf 67' lang='lat' dir='ltr'><strong>hommem</strong></span> <span class='ocrx_word' id='word_1_305' title='bbox 589 4159 658 4224; x_wconf 89' lang='lat' dir='ltr'><strong>also</strong></span> <span class='ocrx_word' id='word_1_306' title='bbox 674 4182 761 4223; x_wconf 92' lang='lat' dir='ltr'><strong>muss</strong></span> <span class='ocrx_word' id='word_1_307' title='bbox 774 4182 808 4222; x_wconf 92' lang='lat' dir='ltr'><strong>es</strong></span> <span class='ocrx_word' id='word_1_308' title='bbox 825 4159 1035 4246; x_wconf 85' lang='lat' dir='ltr'><strong>nothwendig</strong></span> <span class='ocrx_word' id='word_1_309' title='bbox 1046 4160 1102 4223; x_wconf 75' lang='lat' dir='ltr'><strong>laus</strong></span> <span class='ocrx_word' id='word_1_310' title='bbox 1119 4161 1204 4243; x_wconf 75' lang='lat' dir='ltr'><strong>foras</strong></span> <span class='ocrx_word' id='word_1_311' title='bbox 1217 4158 1363 4233; x_wconf 88' lang='lat' dir='ltr'><strong>heissen</strong></span> <span class='ocrx_word' id='word_1_312' title='bbox 1380 4169 1413 4240; x_wconf 91' lang='lat' dir='ltr'><strong>d.</strong></span> <span class='ocrx_word' id='word_1_313' title='bbox 1426 4170 1456 4237; x_wconf 76' lang='lat' dir='ltr'><strong>la</strong></span> 
     </span>
     <span class='ocr_line' id='line_1_39' title="bbox 220 4260 1458 4349; baseline 0.012 -25"><span class='ocrx_word' id='word_1_314' title='bbox 220 4283 254 4324; x_wconf 89' lang='lat' dir='ltr'><strong>er</strong></span> <span class='ocrx_word' id='word_1_315' title='bbox 266 4262 421 4326; x_wconf 89' lang='lat' dir='ltr'><strong>sollnicht</strong></span> <span class='ocrx_word' id='word_1_316' title='bbox 434 4261 532 4326; x_wconf 89' lang='lat' dir='ltr'><strong>dahin</strong></span> <span class='ocrx_word' id='word_1_317' title='bbox 544 4263 703 4339; x_wconf 88' lang='lat' dir='ltr'><strong>kommen,</strong></span> <span class='ocrx_word' id='word_1_318' title='bbox 713 4260 924 4347; x_wconf 82' lang='lat' dir='ltr'><strong>onpidicus</strong></span> <span class='ocrx_word' id='word_1_319' title='bbox 932 4263 1000 4326; x_wconf 91' lang='lat' dir='ltr'><strong>sich</strong></span> <span class='ocrx_word' id='word_1_320' title='bbox 1007 4262 1106 4327; x_wconf 90' lang='lat' dir='ltr'><strong>selbst</strong></span> <span class='ocrx_word' id='word_1_321' title='bbox 1118 4261 1401 4349; x_wconf 81' lang='lat' dir='ltr'><strong>augenbliclrlicb</strong></span> <span class='ocrx_word' id='word_1_322' title='bbox 1407 4272 1458 4338; x_wconf 91' lang='lat' dir='ltr'><strong>be·</strong></span> 
     </span>
    </p>
   </div>
   <div class='ocr_carea' id='block_1_4' title="bbox 217 4400 417 4410">
    <p class='ocr_par' dir='ltr' id='par_1_6' title="bbox 217 4400 417 4410">
     <span class='ocr_line' id='line_1_40' title="bbox 217 4400 417 4410; baseline 0.015 -3"><span class='ocrx_word' id='word_1_323' title='bbox 217 4400 417 4410; x_wconf 42' lang='grc' dir='ltr'><strong>...ᾕ-</strong></span> 
     </span>
    </p>
   </div>
   <div class='ocr_carea' id='block_1_5' title="bbox 304 4448 1459 4518">
    <p class='ocr_par' dir='ltr' id='par_1_7' title="bbox 304 4448 1459 4518">
     <span class='ocr_line' id='line_1_41' title="bbox 304 4448 1459 4518; baseline 0.009 -17"><span class='ocrx_word' id='word_1_324' title='bbox 304 4450 324 4518; x_wconf 93' lang='lat'><strong>¹)</strong></span> <span class='ocrx_word' id='word_1_325' title='bbox 338 4448 417 4502; x_wconf 86' lang='lat' dir='ltr'><strong>Unus</strong></span> <span class='ocrx_word' id='word_1_326' title='bbox 436 4453 575 4518; x_wconf 80' lang='lat' dir='ltr'><strong>repugnat</strong></span> <span class='ocrx_word' id='word_1_327' title='bbox 592 4468 617 4503; x_wconf 87' lang='lat' dir='ltr'><strong>v.</strong></span> <span class='ocrx_word' id='word_1_328' title='bbox 630 4450 691 4503; x_wconf 80' lang='lat' dir='ltr'><strong>Aut.</strong></span> <span class='ocrx_word' id='word_1_329' title='bbox 709 4451 768 4515; x_wconf 74' lang='lat'><strong>381,</strong></span> <span class='ocrx_word' id='word_1_330' title='bbox 786 4449 835 4503; x_wconf 91' lang='lat' dir='ltr'><strong>ubi</strong></span> <span class='ocrx_word' id='word_1_331' title='bbox 847 4450 990 4504; x_wconf 87' lang='lat' dir='ltr'><strong>Abraham</strong></span> <span class='ocrx_word' id='word_1_332' title='bbox 1002 4452 1020 4505; x_wconf 93' lang='lat' dir='ltr'><strong>l.</strong></span> <span class='ocrx_word' id='word_1_333' title='bbox 1036 4468 1059 4504; x_wconf 92' lang='lat' dir='ltr'><strong>c.</strong></span> <span class='ocrx_word' id='word_1_334' title='bbox 1077 4452 1128 4503; x_wconf 78' lang='lat' dir='ltr'><strong>nisi</strong></span> <span class='ocrx_word' id='word_1_335' title='bbox 1139 4451 1164 4503; x_wconf 79' lang='lat' dir='ltr'><strong>si</strong></span> <span class='ocrx_word' id='word_1_336' title='bbox 1179 4456 1307 4518; x_wconf 79' lang='lat' dir='ltr'><strong>parserta</strong></span> <span class='ocrx_word' id='word_1_337' title='bbox 1319 4460 1459 4516; x_wconf 76' lang='lat' dir='ltr'><strong>coniecit.</strong></span> 
     </span>
    </p>
   </div>
   <div class='ocr_carea' id='block_1_6' title="bbox 0 0 1530 5220">
    <p class='ocr_par' dir='ltr' id='par_1_8' title="bbox 0 0 1530 5220">
     <span class='ocr_line' id='line_1_42' title="bbox 0 0 1530 5220; baseline 0 0"><span class='ocrx_word' id='word_1_338' title='bbox 0 0 1530 5220; x_wconf 95' lang='lat' dir='ltr'><strong> </strong></span> 
     </span>
    </p>
   </div>
  </div>
 </body>
</html>
