3038 5220
660 191 859 291 ..139-

142 416 212 481 que
229 416 283 461 me
297 396 428 484 quidem
444 395 593 463 dubitare
611 420 673 461 non
690 397 863 474 deoetvix
880 398 1055 485 quiequam
1078 399 1261 485 abrogetur.
1285 421 1370 487 quae

145 520 225 565 vern
254 512 422 587 praeterea
449 499 596 564 lectionis
625 503 778 584 orpiomm
808 499 989 563 reiciendae
1012 511 1204 586 argumenta
1226 502 1370 585 protulit¹

146 603 195 667 eie
221 604 269 667 in
297 612 385 690 utor,
413 614 449 667 ut
476 601 626 667 Loewius
656 604 702 668 uti
729 602 856 679 debuit,
885 602 1036 665 nimirum
1067 615 1103 668 ut
1126 625 1254 667 versum
1277 605 1372 673 inter·

149 703 298 791 poletrum
312 725 383 771 esse
398 705 474 769 inde
497 705 704 778 concludarn;
727 705 773 769 sic
795 718 902 769 autem
924 703 1075 769 Loewius
1099 706 1257 790 disputat:
1280 706 1372 783 ,illud

148 826 215 871 non
242 805 323 871 levis
352 806 505 870 momenti
534 820 597 886 est,
627 806 712 892 quod
742 806 826 870 inter
854 829 966 870 versus
993 809 1099 870 terrerr'a
1126 808 1242 873 boeda
1269 810 1371 873 molles

151 907 369 973 msulae
390 921 422 973 et
439 909 630 994 papillarum
653 909 879 971 ltorvidalorum
902 910 1159 995 oppreraiunouloc
1181 919 1247 974 tam
1271 932 1368 994 quam

153 1020 258 1095 potest
268 1010 438 1098 speciatim
451 1010 592 1095 prolatos
615 1033 677 1073 non
691 1022 901 1097 expectamus
924 1010 1062 1094 generis,
1086 1013 1261 1095 orginrum,
1284 1033 1370 1075 men-

150 1113 270 1178 fiunem
296 1111 457 1180 iniectam.
506 1114 631 1177 accedit
664 1113 751 1196 quod
777 1115 863 1197 orpiu
892 1112 1084 1177 vocabulum
1107 1124 1181 1177 ante
1205 1111 1372 1179 Catullum

153 1214 236 1301 apud
251 1214 426 1300 scriptores
442 1213 608 1279 Romanos
626 1237 688 1279 nou
704 1225 888 1300 comparet‘.
933 1216 1041 1298 itaque
1064 1215 1143 1299 quid
1166 1216 1369 1281 manifestius

152 1329 197 1383 est
222 1339 323 1403 quam
351 1317 385 1381 iu
408 1317 441 1385 A
465 1317 662 1403 deprehendi
690 1316 948 1382 additamentum
977 1319 1062 1383 docti
1091 1319 1148 1384 sed
1176 1319 1301 1404 poetico
1323 1322 1369 1384 in·

153 1421 246 1507 genio
260 1420 349 1491 haud
365 1441 443 1485 sane
461 1420 597 1507 praediti
619 1420 846 1506 grammatici?
869 1442 964 1503 quem
988 1419 1108 1486 Oatulli
1130 1423 1209 1486 satis
1231 1445 1369 1507 gnarum

152 1524 246 1589 luisse
269 1523 368 1588 edam
391 1523 494 1610 magis
518 1534 698 1610 appareret,
721 1523 749 1586 si
771 1524 804 1585 in
826 1522 890 1587 line
919 1545 1030 1587 versus
1057 1545 1091 1588 re
1123 1546 1200 1588 vera
1223 1525 1365 1589 extiterit

153 1627 413 1701 moalutiuaculm,
441 1626 528 1713 quod
556 1626 598 1690 ad
629 1624 735 1689 ultimi
762 1623 911 1688 vocabuli
935 1624 1087 1709 reliquias
1111 1624 1192 1691 bene
1215 1626 1369 1714 (dixerim

153 1727 299 1814 equidem
321 1726 454 1813 unice)
484 1727 644 1811 quadrare
673 1725 823 1790 Loewius
846 1726 943 1809 dixit3
978 1749 1052 1791 nam
1076 1729 1218 1791 osculatio
1241 1748 1370 1812 quoque

154 1831 237 1896 vocis
261 1830 384 1916 primus
407 1842 518 1894 auctor
540 1840 588 1893 est
611 1827 756 1895 Catullus
779 1829 832 1906 48,
855 1828 884 1892 b.

233 1934 323 1998 Most.
346 1932 421 1999 inde
444 1956 463 1997 a
486 1933 547 1998 971
577 1932 759 1998 Phaniscus
787 1931 1023 2016 Theopropidi‚
1054 1954 1151 2017 quem
1173 1953 1244 1995 non
1271 1933 1371 2011 novit,

153 2034 203 2101 filii
227 2038 315 2101 lacta
338 2045 463 2100 narrat:

232 2135 295 2222 Qui
318 2148 490 2224 postquam
514 2147 605 2222 pater
628 2136 669 2199 ad
693 2145 870 2201 mercatum
892 2135 987 2212 abiit,
1011 2135 1064 2199 hic
1082 2134 1248 2200 tibicinam

232 2239 408 2305 Liberavit.

153 2362 212 2425 quo
242 2342 483 2428 obstupefactus
510 2339 754 2425 Theopropides
781 2339 978 2404 Phanisoum
1007 2352 1038 2403 et
1066 2338 1298 2405 advorsitorem
1321 2340 1368 2407 sic

152 2442 352 2532 interpellare
375 2443 496 2528 pergit:

408 2544 656 2609 Philolachesne
679 2549 779 2631 ergo?
801 2544 875 2608 PH.
900 2546 955 2612 ita.
977 2545 1207 2611 Philematium
1231 2545 1370 2632 quidem.

233 2647 308 2717 PH.
331 2645 474 2732 Quanti?
510 2646 618 2713 ADV.
641 2647 774 2734 triginta
799 2648 936 2714 talentis.
965 2648 1037 2713 PH.
1064 2647 1111 2731 μὰ
1134 2647 1190 2714 τὸν
1213 2645 1368 2727 Ἀπόλλω,

1070 2751 1128 2815 sed
1149 2751 1255 2815 minis.

151 2855 182 2921 ἱιι
201 2857 237 2923 A
259 2855 392 2920 additus
414 2866 463 2918 est
485 2877 596 2918 versus

229 2957 304 3025 ΤΗ.
326 2956 516 3022 Liberavit?
538 2955 613 3021 PH.
636 2955 787 3020 liberavit
816 2955 912 3018 illanc
941 2956 1073 3042 triginta
1102 2955 1207 3032 minis,

151 3084 244 3148 quem
267 3060 493 3147 interpolatum
517 3081 586 3123 esse
608 3057 806 3122 Ritschelius
829 3056 925 3135 vidit3
949 3061 989 3122 cf.
1014 3059 1086 3124 974.
1108 3059 1181 3123 975.

230 3164 302 3229 Iam
330 3160 547 3227 Ambrosiano
575 3161 686 3225 relicto
721 3162 913 3225 revertimur
947 3161 989 3224 ad
1017 3160 1199 3237 Palatinos,
1228 3181 1365 3247 quorum

151 3267 202 3348 qui
227 3264 261 3329 in
284 3265 313 3328 A
336 3263 560 3328 desiderantur
588 3284 699 3327 versus
722 3260 906 3348 interpolati
929 3263 971 3327 ad
994 3286 1094 3328 unum
1117 3285 1227 3327 omnes
1249 3286 1268 3326 a
1291 3261 1368 3325 viris

151 3366 252 3434 doctis
277 3366 342 3431 iam
364 3366 475 3430 reiecti
502 3377 589 3442 sunt,
614 3377 647 3429 ut
670 3367 870 3450 argumentis
893 3366 1017 3431 alienae
1040 3366 1173 3454 originis
1197 3365 1367 3429 afferendis

149 3470 359 3557 supersedere
371 3468 501 3556 possim.
519 3468 570 3554 egi
584 3469 647 3531 iam
663 3490 762 3551 supra
774 3468 815 3532 de
832 3467 924 3532 Stich.
937 3469 1062 3533 48-57
1076 3479 1108 3533 et
1119 3469 1232 3532 Bacch.
1246 3467 1309 3531 540
1325 3467 1367 3531 ad

148 3573 218 3641 551.
239 3572 282 3636 ad
302 3571 441 3654 reliquos
461 3571 650 3655 priusquam
673 3583 835 3634 transeam
857 3570 951 3633 liceat
972 3570 1087 3635 afferre
1109 3570 1195 3653 quod
1212 3569 1363 3636 Goetzius

148 3674 165 3744 l.
187 3698 215 3744 c.
239 3698 272 3761 p.
289 3674 353 3739 270
374 3674 446 3738 adu.
471 3673 510 3737 de
529 3672 572 3768 iis
595 3672 754 3758 disputat:
779 3670 849 3749 ,Bai
874 3671 931 3735 der
954 3683 1042 3736 sonst
1064 3672 1108 3737 im
1123 3672 1366 3738 Wesentlichen

148 3775 496 3842 iibereinstimmenden
520 3774 771 3858 Uberlicferung
798 3795 862 3837 von
886 3778 914 3838 A
941 3774 1004 3839 und
1029 3775 1055 3838 B
1078 3775 1151 3839 sind
1173 3775 1251 3839 zwei
1273 3773 1364 3858 Meg-

147 3879 322 3945 lichkeiten
351 3878 408 3942 der
436 3877 624 3960 Hrkl'arung
654 3873 810 3961 gegeben.
853 3875 1030 3941 Hntvveder
1056 3877 1192 3941 standan
1226 3875 1278 3939 die
1312 3898 1368 3940 un-

150 3984 266 4049 echten
281 3982 413 4046 Partieu
431 3982 463 4044 in
480 3981 537 4044 der
551 3979 793 4066 gemeinsamen
809 3977 924 4062 Quelle
940 3979 1006 4043 und
1023 3980 1151 4044 wurden
1177 3989 1242 4043 erst
1257 3984 1367 4063 spiiter

147 4107 205 4150 aus
229 4086 287 4149 der
308 4083 491 4148 Recension
514 4082 570 4146 des
593 4081 625 4146 A
650 4080 919 4167 ausgeschieden‚
951 4083 1028 4146 oder
1051 4082 1096 4146 sie
1119 4083 1256 4177 standan
1277 4081 1368 4144 nicht

149 4186 242 4252 darin
270 4186 336 4251 und
366 4186 497 4250 wurden
524 4198 588 4249 erst
616 4191 724 4270 sp'ater
755 4206 812 4247 aus
843 4184 1089 4270 anderweitiger
1118 4164 1369 4266 Uberliel'erung

148 4288 180 4353 in
208 4288 239 4355 B
268 4288 445 4376 beigeiiigt.
490 4287 626 4352 Welche
656 4285 827 4350 Annahme
855 4287 917 4350 den
941 4286 1074 4374 Vorzug
1104 4287 1262 4362 verdient‚
1290 4284 1369 4348 liisst

150 4391 217 4459 sich
247 4392 290 4455 im
320 4391 545 4476 Aligemeinen
578 4389 702 4453 schwer
735 4410 851 4474 sagen3
890 4390 935 4452 im
965 4388 1096 4454 Stichus
1131 4388 1189 4452 hat
1221 4411 1283 4453 nur
1316 4386 1368 4454 die

1184 4509 1200 4567 9
