3038 5220
729 230 792 296 124

149 434 245 498 modo
271 455 385 498 censm
418 433 633 500 instructurus
655 435 697 500 sit
729 434 859 501 Stichus
882 433 1124 498 accuratissime
1147 433 1213 498 iam
1237 457 1378 521 exposu-

149 540 212 602 erit
225 560 279 602 vv.
292 536 472 601 sao-440.
489 558 610 618 ,servos
625 537 732 603 homo‘
754 560 886 624 prorsus
900 535 1057 602 inutiliter
1071 535 1194 601 dictum
1210 538 1267 624 (ci.
1283 539 1376 623 433),

149 660 274 716 ,ecum
296 639 421 703 offerre‘
442 639 573 704 omnino
596 640 779 705 Plautinum
802 662 866 704 non
889 651 948 704 est
971 637 1102 703 ultimus
1124 661 1240 704 versus
1256 640 1377 705 misere

149 741 393 806 consarcinatus
414 751 471 808 est.
515 755 653 828 ‚egomet
674 763 726 808 me
742 752 858 808 moror‘
879 741 1065 826 similesque
1080 741 1240 806 formulae
1262 743 1376 828 (‚quid

149 865 211 929 ego
232 865 323 908 cesso
337 852 488 922 currere‘,
510 844 615 922 ,nimis
637 845 694 910 diu
716 867 755 909 ac
770 846 903 929 longum
926 843 1060 930 loquor‘,
1076 843 1132 926 al.)
1153 864 1266 909 eorum
1283 855 1372 923 snut,

148 946 204 1030 qni
225 945 339 1009 autad
361 946 526 1032 negotium
550 945 781 1012 absolvendum
804 969 902 1030 qnam
931 945 1072 1009 maxime
1094 957 1286 1030 properant,
1316 958 1376 1012 ant

31 1112 40 1128 ,
147 1069 189 1111 ne
210 1046 328 1112 abeant
349 1068 388 1112 eo
410 1059 533 1113 tanturn
557 1049 650 1133 quasi
673 1049 766 1113 inviti
788 1049 982 1129 retinentur,
1011 1047 1100 1131 quod
1122 1070 1208 1111 nova
1231 1069 1374 1135 persona

147 1151 181 1214 in
202 1171 353 1216 scaenam
369 1151 489 1238 prodit.
533 1164 565 1216 at
581 1150 712 1217 Stichus
735 1152 816 1216 adeo
839 1173 903 1215 non
920 1150 1062 1227 festinat,
1084 1162 1121 1214 nt
1135 1171 1223 1215 nunc
1237 1149 1374 1217 demum

149 1274 224 1317 cnm
244 1252 447 1318 auditoribus
469 1254 680 1339 colloquatur.

233 1355 432 1442 Ambiguum
454 1367 502 1421 est
522 1356 679 1422 indicium
706 1356 746 1421 de
769 1354 915 1420 versibus
937 1355 1009 1422 590.
1032 1354 1093 1419 591
1118 1354 1151 1418 in
1173 1354 1207 1418 A
1230 1355 1375 1440 seriptis,

148 1479 286 1541 qnorum
307 1459 468 1524 noviciam
490 1459 647 1546 originem
670 1457 838 1543 suspicari,
860 1457 917 1521 sed
940 1457 996 1521 vix
1019 1455 1239 1521 demonstrare
1258 1479 1374 1544 possu-

146 1582 229 1637 mus,
251 1581 327 1624 cum
349 1561 491 1646 corrupti
513 1571 549 1626 ut
566 1562 693 1626 videtur
714 1574 745 1627 et
768 1559 913 1625 lacunosi
936 1570 1073 1623 aemtem
1091 1559 1226 1624 tulerint
1239 1581 1370 1627 eornm-

146 1682 211 1748 que
232 1661 392 1727 restitutio
413 1663 628 1728 incertissima
650 1664 700 1727 sit.
744 1664 779 1726 in
802 1660 920 1749 quibus
942 1683 1025 1745 quae
1047 1672 1136 1725 certa
1159 1671 1233 1726 sunt

233 1781 277 1846 Et
299 1781 447 1866 equidem
470 1784 498 1847 si
520 1821 682 1860 ——,
704 1802 762 1846 vos
783 1781 972 1846 invitassem
996 1781 1127 1847 domum

236 1884 290 1948 Ad
313 1906 374 1962 me,
397 1884 454 1949 sed
477 1926 626 1934 ——
650 1884 730 1948 nihil
753 1895 811 1962 est,
834 1895 931 1967 atque
952 1884 1013 1949 hoe
1036 1884 1126 1949 scitis
1148 1907 1205 1948 vos

149 2004 294 2087 profecto
307 2003 349 2068 ab
365 2004 593 2090 interpolatore
606 2003 701 2069 facile
713 2002 790 2067 addi
801 2013 948 2091 poterant
958 2003 1120 2088 facileque
1132 2000 1374 2069 desiderantur.

150 2108 345 2171 contrariam
368 2117 477 2172 autem
499 2108 664 2172 continent
680 2107 870 2172 sententiam
892 2105 1040 2171 versibus
1054 2102 1244 2182 471-4823
1268 2106 1311 2169 cf.
1327 2105 1375 2170 in-

147 2207 260 2293 primis
286 2208 364 2271 476:
401 2208 501 2294 ‚Quid
528 2212 689 2296 gravare?
716 2231 864 2274 censeas:
898 2207 1018 2274 Nescio
1046 2205 1125 2293 quid
1152 2206 1262 2272 hercle
1295 2229 1384 2273 vero

145 2309 250 2375 habeo
272 2312 305 2375 in
328 2311 467 2381 mundo‘.

234 2413 299 2480 Sed
315 2427 385 2479 utut
408 2415 447 2479 de
470 2414 617 2480 hocloco
635 2414 696 2478 viri
714 2414 799 2477 docti
816 2412 1008 2477 sententiam
1024 2411 1141 2486 dicent,
1164 2411 1227 2476 hoc
1243 2422 1376 2479 certum

144 2528 210 2595 est,
238 2516 385 2582 Stichum
420 2515 564 2580 fabulam
599 2515 640 2582 ab
671 2514 876 2580 histrionibus
906 2515 981 2579 totis
1010 2534 1163 2579 versuum
1197 2513 1369 2580 ordinibus

140 2620 273 2683 tructam
309 2640 393 2695 esse,
425 2640 505 2705 quos
538 2618 653 2683 deinde
684 2634 796 2682 arrctnr
830 2618 1026 2682 recensionis
1061 2614 1302 2681 Ambrosianae
1337 2617 1368 2682 in

146 2743 240 2785 suum
263 2721 428 2805 exemplar
450 2722 579 2808 recepit.
623 2720 709 2806 quod
741 2729 913 2807 postquam
940 2719 1141 2806 gravissimis
1165 2718 1364 2785 documentis

149 2823 369 2888 confirmatum
394 2837 452 2901 est,
475 2824 595 2909 optimo
619 2826 687 2888 iure
710 2822 786 2887 alibi
805 2845 933 2910 quoque
956 2823 982 2886 si
1009 2822 1065 2906 qui
1087 2822 1162 2885 novi
1187 2844 1303 2887 versus
1329 2845 1365 2887 ex

152 2925 186 2989 A
214 2925 383 3010 prodeunt,
406 2927 461 3011 qui
484 2949 547 2990 non
571 2924 718 2992 omnibus
734 2925 875 2990 numeris
897 2925 989 2990 nobis
1033 2924 1223 3010 probantur,
1248 2923 1365 2990 Plauti·

146 3051 220 3093 nam
249 3050 361 3094 eornm
387 3028 544 3116 originem
567 3028 758 3095 addubitare
786 3027 959 3115 licebit.¹)'
984 3026 1165 3093 cuiusmodi
1188 3027 1253 3092 loci
1276 3037 1365 3093 sunt:

232 3132 321 3194 Most.
347 3132 428 3197 1054
455 3130 610 3197 Tranioni
633 3132 700 3197 doli
722 3131 804 3196 male
827 3131 1028 3208 ceciderunt3
1058 3131 1126 3216 ipse
1155 3129 1222 3193 iam
1244 3129 1364 3196 intelle-

147 3233 195 3318 git
220 3255 309 3297 erum
331 3256 393 3297 non
417 3257 510 3321 posse
533 3235 634 3300 latere
656 3234 790 3300 offucias
813 3256 905 3297 suas:

233 3351 315 3416 Nam
344 3352 410 3416 seio
437 3351 585 3437 equidem
615 3352 703 3419 nullo
731 3370 825 3437 pacto
855 3354 919 3417 iam
952 3374 1023 3416 esse
1051 3373 1145 3437 posse
1173 3351 1255 3417 haec
1285 3351 1369 3416 clam

957 3454 1111 3540 eademst)

231 3725 252 3792 ¹)
269 3725 360 3794 Quam
376 3727 514 3780 rationem
531 3727 586 3780 viri
613 3727 702 3792 docti,
721 3727 770 3780 ubi
787 3726 822 3780 de
844 3691 972 3780 versibus
994 3740 1029 3780 ex
1047 3725 1071 3780 P
1088 3725 1288 3780 amedentibns
1305 3741 1369 3797 age

145 3812 241 3874 batur,
268 3811 365 3865 sedulo
383 3814 472 3865 secuti
494 3819 566 3866 sunt.
602 3813 632 3866 in
655 3813 874 3867 Ambrosianum
898 3811 1015 3866 eandem
1040 3810 1174 3867 adhibere
1197 3811 1286 3865 nimia
1301 3812 1369 3867 eius

147 3893 333 3950 admiratione
348 3895 509 3965 praepediti
525 3896 688 3966 plerumque
706 3896 929 3967 supersederunt.

232 4016 255 4082 ²)
272 4012 480 4069 Studemundus
508 4014 648 4084 Fraternas
678 4033 705 4084 p.
729 4017 778 4070 67:
803 4015 871 4080 ‚Der
898 4014 970 4069 Vero
996 4013 1069 4088 Nam
1101 4013 1159 4069 scio
1185 4031 1212 4069 n.
1229 4031 1253 4069 s.
1269 4032 1311 4075 va,
1332 4015 1371 4069 ist

144 4099 176 4152 in
191 4101 219 4152 A
238 4098 331 4154 seiner
348 4099 444 4169 luinge
461 4117 560 4169 wegen
578 4115 629 4152 vor
647 4099 700 4153 den
713 4099 833 4154 Worten
850 4100 923 4154 clam
940 4116 1042 4166 senem,
1061 4097 1165 4154 welche
1183 4099 1229 4155 die
1243 4098 1323 4155 Zeila
1339 4102 1371 4155 15

148 4183 322 4249 einnchmen,
340 4184 508 4253 gebrechen,
526 4183 584 4237 und
601 4183 637 4237 da
648 4184 742 4238 hinter
759 4185 816 4238 iam
828 4201 887 4238 esse
904 4185 935 4237 in
946 4186 974 4238 A
992 4201 1037 4237 am
1048 4184 1257 4239 Zeilenschluss
1268 4183 1313 4255 (Ζ.
1327 4187 1371 4254 14)

146 4267 192 4320 ein
219 4267 248 4320 fl
261 4309 267 4321 .
281 4307 307 4321 ..
334 4266 538 4333 hinzulrommt‚
570 4285 600 4323 so
627 4269 699 4323 wird
724 4287 788 4323 man
814 4270 925 4324 v.1054
946 4260 1084 4323 vielmehr¹
1108 4285 1139 4323 so
1165 4287 1199 4322 zu
1222 4258 1371 4325 schreiben

144 4349 246 4407 haben:
265 4393 381 4418 ,,,,,,
399 4353 456 4409 iam
474 4369 534 4407 esse
546 4368 628 4422 posse
640 4353 709 4408 haec
721 4353 793 4413 clam
805 4358 924 4413 senem‘t
958 4354 1057 4414 Damit
1073 4355 1111 4413 ist
1127 4353 1259 4431 augleiolr
1277 4354 1371 4416 dieser

147 4434 280 4497 Gedauke
296 4437 528 4509 abgesehloraut
558 4503 562 4509 ,
