3038 5220
676 199 876 301 ms..-

175 408 250 473 oerni
273 407 316 472 ab
336 408 437 495 ipsius
460 417 573 492 poetae
591 407 767 492 scriptura3
787 405 821 468 in
843 403 934 470 cuius
951 403 1079 489 generis
1101 403 1180 468 locis
1202 403 1258 487 qui
1279 425 1383 490 gram·

175 512 355 577 mdcomm
388 532 518 575 manum
548 523 645 594 atque
668 531 800 595 operam
822 528 1018 594 cognoscere
1041 505 1103 571 sibi
1128 505 1254 572 videtur
1276 517 1389 572 contra

176 613 424 697 probabilitatem
446 625 543 697 atque
565 612 648 678 adeo
670 623 780 676 contra
803 610 960 675 rationem
983 618 1118 696 pugnat.

211 715 293 780 Pers.
314 713 379 780 697

252 818 298 883 A:
319 816 373 883 Ne
389 828 509 882 temere
532 817 616 881 hanc
639 828 671 882 ts
692 816 807 880 emisse
831 813 919 878 dicas
943 835 994 878 ms
1016 813 1191 900 impulsore
1214 823 1270 878 aut
1292 811 1389 878 inlice

248 919 293 986 P:
314 919 368 985 Ne
384 931 504 985 temere
519 918 604 983 banc
619 931 649 983 te
665 918 781 982 emisso
796 915 885 980 dicas
902 937 1000 980 suasu
1022 925 1120 999 atque
1142 913 1285 999 impulsu
1305 934 1387 980 mco.

175 1022 274 1107 equis
297 1023 339 1087 sit
361 1022 418 1106 qui
445 1033 519 1086 utra
546 1021 704 1107 scriptura
726 1043 746 1084 a
767 1018 885 1085 Plauto
907 1019 1052 1104 profecta
1074 1018 1116 1082 sit
1137 1039 1171 1081 se
1194 1037 1388 1103 cognoscere

169 1137 255 1201 poseo
288 1124 476 1192 confirmet?
513 1126 554 1188 cf.
577 1123 790 1209 Niemeyerus
823 1144 855 1206 p.
882 1123 916 1198 1,
956 1121 1011 1205 qui
1048 1121 1081 1185 in
1112 1118 1385 1204 comparationem

169 1227 296 1293 vocavit
310 1228 401 1292 Most.
416 1226 481 1291 916
504 1225 567 1302 ‚Me
584 1249 714 1291 suasore
730 1237 828 1313 atque
843 1223 1016 1310 impulsore
1035 1222 1069 1287 id
1091 1224 1214 1287 sactum
1235 1221 1389 1289 audacter

160 1319 272 1394 dicito‘
279 1354 289 1406 3
323 1330 410 1393 Asia.
433 1327 506 1392 221.
535 1328 650 1392 Bacch.
673 1328 724 1391 55.
755 1329 845 1392 Poeo.
869 1326 942 1403 745,
965 1325 1083 1413 quibus
1106 1327 1188 1390 icles:
1210 1334 1243 1389 ct
1263 1325 1387 1389 indoctus

151 1420 336 1497 iuvenitur.
364 1429 482 1515 quibus
511 1453 574 1494 non
603 1430 762 1495 omiserim
785 1430 905 1496 addere
929 1430 1000 1492 Aul.
1024 1428 1086 1492 737
1110 1439 1142 1493 et
1165 1429 1243 1505 795,
1270 1425 1325 1491 ubi
1348 1426 1388 1491 de

150 1533 276 1598 eadem
298 1555 334 1597 rs
349 1532 483 1598 dicitur:
507 1533 608 1610 ‚Deus
626 1534 783 1620 impulsor
805 1532 883 1596 mihi
906 1532 977 1596 fuit‘
1000 1542 1032 1596 et
1055 1530 1138 1617 ‚Ego
1160 1552 1212 1595 me
1234 1529 1385 1596 iniuriam

143 1628 277 1701 fecisse
296 1635 384 1700 filiae
405 1637 508 1701 fateor
530 1684 538 1698 .
562 1685 570 1699 .
593 1635 724 1722 inpulsu
748 1633 1009 1701 adulescentiae‘.

208 1740 299 1804 Pom.
327 1739 547 1806 1330-1332

209 1840 255 1905 A:
277 1838 394 1906 Gredo.
415 1840 424 1925 pl
447 1851 478 1904 et
500 1861 561 1925 ego
584 1838 689 1903 credo.
714 1839 770 1904 sed
794 1861 905 1904 eccum
928 1838 1076 1904 lenonem
1099 1848 1261 1924 optume

275 1941 392 2010 Credo.
415 1945 424 2028 l
446 1953 480 2007 at
502 1964 564 2027 ego
585 1940 693 2007 crsdo,
716 1942 724 2026 ll
745 1942 860 2028 edepol
881 1941 934 2006 hic
959 1942 1047 2006 venit
1069 1940 1257 2006 commodus

278 2045 403 2111 Bonum
427 2045 533 2109 virum
556 2066 667 2111 eccum
692 2045 786 2110 video
809 2042 1039 2109 redeuntem
1064 2044 1229 2119 donnum.

206 2148 249 2213 P:
275 2147 391 2214 Credo.
418 2147 432 2236 ΙΙ
459 2158 491 2211 et
514 2170 575 2233 ego
597 2147 703 2212 credo.
727 2148 784 2213 sed
806 2168 919 2212 eccum
941 2147 1087 2211 lenonem
1111 2145 1260 2231 Lycum

275 2249 404 2315 Bonum
427 2250 533 2314 virum
555 2270 666 2312 eccum
691 2249 800 2314 video:
823 2272 857 2313 se
879 2249 1027 2335 recipit
1048 2248 1215 2312 domurn.

167 2365 278 2418 versus
305 2351 388 2418 1330
415 2352 447 2415 in
474 2351 508 2415 A
533 2349 695 2435 duplicem
730 2351 886 2417 habemus
912 2351 1057 2433 formam,
1087 2373 1224 2435 quarum
1252 2349 1388 2414 alteram

163 2446 277 2538 (1331)
295 2476 335 2517 ex
353 2453 573 2540 dittographia
596 2455 746 2537 repetivit
762 2453 944 2541 Ussingius,
968 2453 1001 2517 id
1025 2453 1113 2538 quod
1136 2452 1182 2517 sic
1205 2453 1388 2518 accuratius

164 2556 320 2642 equidem
335 2555 546 2633 definiverim‚
562 2569 596 2620 ut
611 2577 651 2619 ex
669 2557 848 2643 exemplari
864 2557 996 2623 histrico
1014 2578 1085 2620 eam
1101 2557 1134 2620 in
1151 2555 1389 2622 Ambrosianae

160 2658 362 2724 recensionis
377 2658 591 2745 archetypum
608 2660 834 2745 transcriptam
852 2682 922 2724 esse
946 2658 1064 2724 dicam.
1089 2658 1176 2745 quod
1199 2657 1240 2722 ad
1263 2668 1387 2723 ceteras

159 2757 369 2826 diversitates
396 2761 529 2838 attinet,
565 2761 638 2844 quis
665 2761 894 2846 grammaticos
923 2761 957 2823 in
983 2761 1061 2825 talia
1088 2760 1240 2825 incidisse
1269 2761 1388 2840 credat,

158 2858 195 2928 in
213 2862 332 2948 quibus
348 2863 494 2929 mutandi
517 2884 615 2927 causa
630 2863 720 2928 nulla
736 2863 953 2948 conspicitur?
977 2862 1019 2925 ad
1042 2885 1087 2940 ‚se
1111 2863 1225 2950 recipit
1248 2864 1390 2929 domum‘

159 2967 204 3030 cf.
224 2967 337 3052 Amph.
354 2967 416 3032 663
439 2965 586 3043 ‚Ecastor
607 2966 682 3030 med
698 2965 784 3032 baud
808 2965 910 3030 invita
932 2987 965 3029 se
982 2966 1111 3030 domum
1137 2966 1253 3052 recipit
1276 2978 1388 3033 suam‘.

159 3069 275 3132 Pseud.
290 3067 353 3131 789
375 3067 471 3145 ‚llrus
494 3088 607 3133 eccum
628 3068 743 3154 recipit
765 3090 798 3133 se
822 3067 953 3134 domum
977 3080 1008 3132 et
1030 3067 1120 3134 ducit
1142 3080 1300 3154 coquom‘.

203 3171 300 3235 Mero.
323 3170 382 3237 251

249 3273 294 3336 A:
318 3271 391 3358 Ego
413 3274 499 3337 enim
521 3273 632 3357 lugere
655 3284 752 3359 atque
774 3271 947 3336 abductam
970 3272 1061 3337 illam
1084 3295 1180 3359 aegre
1203 3275 1271 3359 pati

247 3373 292 3438 P:
314 3373 387 3461 Ego
411 3377 496 3439 enim
520 3374 630 3462 lugere
653 3386 751 3459 atque
774 3374 864 3439 illam
887 3375 1062 3440 abductam
1085 3376 1247 3460 conqueri.

164 3477 374 3563 Niemeyerus
397 3499 525 3562 quoque
548 3501 580 3563 p.
602 3481 645 3546 40
668 3501 735 3543 rem
760 3478 793 3542 in
818 3477 916 3544 dubio
939 3477 1100 3566 relinquit.

207 3579 301 3643 Mers.
325 3579 388 3645 319

248 3679 291 3746 P:
314 3678 503 3745 Humanum
527 3694 675 3761 amarest,
699 3683 877 3749 humanum
899 3695 1007 3751 autem
1030 3684 1235 3770 ignoscerest.

165 3804 204 3848 ex
221 3782 429 3849 Ambrosiani
449 3783 596 3870 apicibus
614 3787 667 3872 (cf.
687 3783 815 3852 Goetzii
834 3787 907 3853 adn.
926 3788 968 3852 ad
987 3788 1031 3873 v.)
1043 3786 1194 3854 Gertzius
1208 3788 1390 3853 enucleavit

247 3885 438 3952 Humanum
466 3901 605 3953 amarest
633 3901 728 3974 atque
756 3888 789 3951 id
812 3891 863 3954 vei
887 3890 1025 3976 obtingit
1048 3891 1153 3955 deum.

166 3989 296 4077 egregia
308 4000 356 4054 est
366 4000 504 4077 utraque
521 3993 680 4056 sententia
695 4004 726 4055 et
748 3993 879 4079 egregie
899 3994 1036 4080 quadrat
1052 3993 1095 4058 ad
1112 3993 1174 4058 loci
1187 3994 1389 4062 sententiam.

165 4093 339 4181 respiciunt
371 4094 457 4157 enim
483 4093 705 4158 Palatinorum
733 4094 833 4160 verba
864 4119 992 4162 versum
1023 4099 1085 4163 317
1119 4096 1211 4175 ,nihil
1242 4099 1387 4175 ostiam,

166 4196 250 4280 quod
273 4207 307 4260 tu
330 4195 409 4260 mihi
431 4205 633 4261 succenseas‘
656 4208 687 4262 et
710 4197 772 4263 321
796 4221 847 4276 ‚ne
869 4199 913 4263 sis
929 4222 979 4263 me
1002 4199 1161 4285 obiurga‘‚
1177 4199 1387 4265 Ambrosiani

166 4308 273 4363 autam
306 4296 406 4363 verba
440 4320 552 4363 versus
576 4299 636 4365 321
672 4299 768 4363 finem
803 4301 874 4377 ,hoc
897 4324 959 4366 non
984 4303 1132 4368 voluntas
1162 4325 1214 4368 me
1243 4304 1389 4392 irnpnlit‘.

168 4421 185 4463 a
207 4401 385 4488 praestanti
410 4410 504 4488 poeta
527 4412 702 4490 utrumque
724 4402 815 4468 vides
838 4406 1017 4493 profectum
1040 4427 1119 4476 csse.
