3038 5220
724 244 785 320 127

148 462 180 528 iu
199 462 236 530 Δ
254 461 480 529 Studemuudo
501 471 583 526 teste
604 471 696 527 sunt:

655 560 763 632 TOX.
785 584 856 650 age,
879 582 940 646 age
963 581 1049 625 nunc
1072 569 1122 624 tu:
1146 559 1179 623 in
1201 561 1360 646 proelium

252 666 335 732 Vide
350 679 385 732 ut
398 666 582 752 ingrediare
593 667 770 754 auspicato.
793 665 854 733 VL
870 664 1061 751 liquidumst
1072 663 1269 747 auspicium:
1287 675 1367 732 tace.

228 768 336 836 ΤΟΧ.
358 768 490 847 Curato,
512 781 549 834 ut
570 769 718 854 praedati
740 767 852 856 pulcre
875 767 917 830 ad
940 775 1048 830 castra
1068 765 1313 829 convertamini.

254 872 405 939 Concede
432 874 532 950 istue;
566 893 628 959 ego
654 870 742 936 illam
770 871 940 937 adducam.
968 867 1109 934 DORD.
1137 888 1200 954 age
1231 878 1268 933 ut
1299 889 1368 932 rem

999 971 1034 1045 in
1056 980 1199 1036 nostram
1220 981 1327 1056 putas.

229 1072 338 1143 ΤΟΧ.
383 1075 535 1142 Ehodum
553 1077 618 1141 huc
640 1077 742 1163 virgo,
767 1077 840 1141 vide
863 1076 907 1141 sis
931 1075 1010 1162 quid
1032 1095 1122 1160 agas.
1165 1071 1227 1141 VI.
1249 1082 1369 1152 taceas,

978 1176 1098 1242 curabo
1120 1188 1156 1241 ut
1179 1175 1277 1240 voles.

230 1280 339 1348 ΤΟΧ.
361 1283 506 1369 Sequere
534 1303 600 1360 me;
634 1281 762 1346 adduco
790 1280 887 1359 hauc,
915 1281 943 1344 si
970 1281 1049 1366 quid
1078 1281 1128 1344 vis
1151 1301 1192 1344 ex
1217 1280 1276 1344 hac
1298 1299 1368 1363 per-

1115 1383 1283 1447 contarier.

145 1487 204 1552 ubi
228 1486 450 1552 Palatinorum
474 1509 585 1552 versus
608 1486 785 1551 sententiae
808 1486 905 1571 plane
928 1485 1141 1562 satisfaciunt,
1165 1484 1260 1549 iniis
1284 1504 1370 1562 vero,

147 1589 202 1674 qui
218 1611 260 1654 ex
275 1590 309 1655 A
325 1589 494 1667 accedunt,
510 1589 619 1654 'l'oxili
635 1589 885 1666 adhortationes,
901 1599 937 1654 ut
953 1589 1046 1674 virgo
1069 1587 1151 1652 bene
1173 1609 1242 1652 rem
1263 1598 1366 1673 gerat,

145 1692 242 1756 nimis
257 1705 466 1758 coacervatae
488 1693 703 1781 suspicionem
727 1691 980 1777 interpolationis
1001 1690 1147 1767 iniciunt,
1171 1712 1368 1778 quamquam

147 1805 271 1861 certum
287 1795 355 1860 eius
370 1795 527 1860 indicium
549 1795 686 1860 inveniri
709 1794 835 1859 nullum
858 1815 951 1881 posse
974 1792 1134 1870 eoncedo;
1158 1814 1261 1877 neque
1284 1793 1369 1856 enim

146 1897 275 1963 offendo
297 1920 359 1985 ego
381 1897 512 1986 quidem
534 1898 567 1962 in
590 1897 767 1962 elocutione
796 1894 927 1974 ,curabo
950 1908 985 1960 ut
1008 1895 1147 1972 voles‘‚
1179 1895 1218 1960 de
1240 1918 1305 1980 qua
1326 1895 1372 1958 in-

148 2000 198 2064 fra
231 2022 339 2086 agam.
384 2000 441 2065 sed
475 1999 653 2065 secuudum
695 2011 834 2064 nostram
867 1999 1122 2084 disputationem
1154 1998 1216 2062 hoo
1254 1999 1372 2063 rationi

148 2103 314 2180 convenit,
342 2120 378 2167 ut
407 2114 584 2168 statuamus
608 2125 720 2168 versus
755 2102 810 2186 qui
842 2102 874 2166 in
906 2101 974 2167 solo
996 2102 1030 2166 A
1054 2110 1166 2166 extant
1205 2111 1261 2166 aut
1289 2100 1372 2165 inP

149 2226 226 2270 casu
254 2204 415 2271 excidisse
448 2216 505 2270 aut
541 2205 583 2270 ad
612 2204 750 2272 eundem
780 2207 919 2281 fontem,
950 2203 1036 2269 unde
1064 2203 1120 2267 alii
1143 2203 1237 2268 multi
1260 2226 1371 2268 versus

151 2308 244 2393 petiti
266 2318 351 2386 sunt,
374 2309 540 2394 exemplar
562 2310 634 2374 dico
657 2308 837 2384 histrioum‚
860 2306 1045 2370 referendos
1068 2327 1148 2370 esse.

236 2408 289 2475 De
303 2408 440 2496 singulis
456 2410 615 2489 versibus,
628 2433 709 2495 quos
725 2411 825 2476 altera
837 2419 962 2474 tantum
977 2408 1123 2473 recensio
1138 2407 1280 2496 praebet,
1293 2407 1374 2472 iudi·

149 2510 235 2575 cium
250 2525 365 2596 suapte
379 2522 496 2577 natura
512 2514 619 2576 minus
635 2513 768 2598 planum
787 2525 849 2596 est;
868 2534 1008 2597 namque
1025 2511 1080 2576 ubi
1096 2511 1129 2575 iu
1147 2511 1250 2576 altera
1265 2530 1373 2576 recen-

152 2612 236 2678 sione
259 2614 442 2701 complures
465 2615 617 2702 deinceps
631 2637 755 2693 versus,
767 2617 823 2700 qui
836 2615 1012 2680 desiderari
1033 2624 1178 2701 possunt,
1199 2625 1320 2691 extare,
1339 2614 1372 2677 in

152 2715 251 2782 sltera
278 2715 390 2781 deesse
419 2717 581 2795 videmus,
610 2739 720 2783 casum
749 2717 889 2783 valuisse
922 2738 984 2782 non
1019 2718 1114 2782 facile
1149 2717 1373 2784 concedemus.

154 2819 296 2907 singulos
312 2841 389 2884 vero
406 2842 517 2885 versus
533 2820 566 2884 in
581 2830 719 2906 utraque
741 2823 926 2886 recensione
949 2820 1072 2885 librarii
1096 2830 1145 2885 sat
1168 2842 1265 2907 saepe
1287 2842 1374 2885 mero

154 2939 258 2986 errore
291 2921 481 2999 omiserunt,
514 2943 580 2986 non
618 2923 721 2988 solum
753 2923 809 2988 ubi
844 2945 885 2987 ex
918 2923 1016 2988 simili
1052 2922 1190 2989 duorum
1222 2945 1374 2989 versuum

154 3020 241 3091 initio
269 3034 327 3089 aut
354 3026 445 3091 exitu
472 3026 715 3090 excusationem
744 3026 865 3091 habent
893 3026 1167 3114 neglegentias¹)‚
1197 3027 1373 3092 sedetiam

154 3125 204 3192 ubi
226 3126 390 3214 neuquid
417 3130 533 3193 erroris
567 3151 680 3194 ansam
704 3129 829 3194 dederit
850 3130 991 3216 perspici
1014 3140 1119 3218 potest
1140 3152 1200 3195 nec
1224 3130 1263 3198 de
1278 3152 1374 3196 versu

156 3228 185 3293 in
205 3229 312 3295 altera
333 3231 518 3296 recensione
541 3231 581 3295 de
603 3232 763 3297 industria
783 3232 889 3297 deleto
918 3233 1061 3320 cogitare
1090 3232 1213 3318 licet.⁹)
1257 3233 1373 3318 quodsi

156 3334 226 3416 quis
248 3352 304 3396 eos
327 3354 448 3416 versus,
473 3355 553 3418 quos
576 3335 610 3399 in
633 3337 662 3399 A
685 3335 752 3399 solo
775 3348 918 3401 servatos
941 3358 1002 3424 ego
1025 3359 1066 3401 ex
1089 3336 1152 3400 alio
1174 3338 1263 3401 fonte
1292 3335 1374 3400 deri-

158 3447 246 3500 vetos
266 3433 386 3512 iudico,
409 3434 441 3500 in
458 3436 609 3522 Ppotius
631 3458 712 3502 casu
735 3437 869 3501 omissos
892 3459 962 3503 esse
985 3438 1160 3516 contendit,
1184 3459 1258 3502 eum
1279 3459 1374 3524 argu·

157 3537 269 3602 mentis
297 3558 375 3602 sane
398 3539 543 3604 refellere
571 3561 634 3604 non
663 3560 803 3626 possum.
848 3540 949 3604 nihilo
977 3540 1075 3606 setius
1106 3539 1147 3606 ob
1177 3540 1375 3625 singularem

158 3657 264 3705 eorum
287 3638 506 3707 condicionem
528 3663 582 3706 eos
605 3642 679 3707 nolo
702 3642 857 3707 omittere.

241 3931 263 3999 ¹)
279 3926 329 3986 Sic
340 3930 370 3986 in
382 3931 410 3986 A
427 3931 573 4002 perierunt
590 3932 651 3988 Mil.
669 3933 735 4004 plor.
759 3951 785 3990 v.
798 3934 848 3990 851
867 3936 916 3991 aui
931 3934 983 3990 852
995 3934 1042 4003 (ol.
1055 3932 1228 3992 Ribbeokius
1239 3933 1269 3989 in
1287 3931 1377 3990 adad

160 4028 182 4068 ι.
198 4014 270 4086 846).
288 4017 356 4073 1405
372 4019 452 4086 (1402
462 4019 560 4087 Ribb.)
595 4021 666 4074 Men.
684 4022 743 4087 428,
761 4038 844 4089 quem
855 4038 919 4076 oum
931 4020 1058 4075 Vahleno
1075 4039 1127 4090 pro
1139 4021 1261 4093 genuino
1275 4020 1377 4088 habeo;

160 4097 230 4155 inf
255 4101 331 4157 Trio.
355 4103 413 4159 409.
439 4103 512 4159 Μαι.
535 4106 592 4160 279.
615 4106 672 4160 285.
705 4105 869 4161 21011833.
893 4108 953 4162 951.
972 4107 1023 4162 990
1038 4107 1105 4176 (nisi
1122 4107 1168 4161 hio
1186 4107 1216 4159 in
1234 4107 1262 4160 Δ
1277 4105 1373 4174 potius

160 4180 341 4256 interpoletur
359 4189 420 4256 est).
446 4188 522 4243 Pera.
539 4190 599 4244 559.
617 4190 675 4245 700.
695 4193 752 4246 730.
779 4193 857 4246 Troe.
875 4192 934 4247 384.

241 4307 266 4375 ⁸)
281 4304 370 4364 Velut
380 4307 410 4362 in
421 4306 449 4361 A
461 4308 558 4364 Pseud.
572 4311 714 4366 293-295.
726 4311 810 4381 Epid.
821 4310 964 4378 ssu-599,
976 4326 1045 4378 quos
1058 4309 1190 4365 Goetzius
1202 4326 1246 4363 me
1264 4308 1377 4378 quidem

160 4386 248 4447 ludios
266 4408 324 4448 nou
340 4398 418 4449 rsote
435 4395 515 4449 uncis
532 4393 660 4461 inclusit,
684 4396 765 4450 Poen.
784 4397 842 4461 424,
861 4396 891 4451 in
908 4395 932 4450 P
950 4397 1048 4450 Pseud.
1065 4397 1125 4452 422.
1143 4395 1201 4451 933.
1228 4395 1300 4450 Men.
1319 4382 1377 4450 1'65.

160 4474 213 4533 lll.
231 4476 289 4534 1⁴12.
307 4476 391 4533 Most.
409 4478 468 4535 830.
487 4479 547 4533 Mil.
566 4480 624 4535 402.
643 4478 718 4534 Pers.
737 4482 795 4536 413.
816 4482 874 4536 598.
893 4480 974 4535 Poer.
991 4480 1050 4536 286.
1063 4480 1120 4537 281.
1140 4478 1222 4550 epte.
1239 4478 1298 4535 882.
