3038 5220
84 4580 206 4888 δ’

796 235 839 301 76

210 439 323 505 eadem
345 439 467 503 ratione
490 439 581 504 vides
604 450 765 505 auctorem
787 439 955 503 Palatinae
979 438 1172 504 recensionis
1194 437 1446 509 correctionem

210 541 396 607 instituisse.
421 565 526 627 neque
549 543 641 607 aliter
675 542 828 608 sehabet
850 544 918 608 Mil.
940 544 1015 628 plor.
1039 541 1090 619 24,
1119 541 1175 626 qui
1199 564 1322 607 versus
1347 540 1385 605 iu
1408 539 1445 617 P,

212 646 337 710 omissis
361 644 552 732 quibusdam
575 644 748 711 levioribus
771 644 971 730 corruptelis,
994 645 1041 708 sic
1062 643 1212 710 traditus:

295 747 369 813 Nisi
384 771 485 813 uuum
500 748 661 834 epityrum
676 748 763 834 apud
779 747 870 812 illum
886 758 973 812 estur
989 746 1102 811 insane
1118 745 1200 812 bene

211 850 421 916 aRitschelio
446 851 502 937 Op.
519 852 597 937 ptit.
620 849 685 917 111.
708 874 740 937 p.
763 851 825 918 792
846 851 1034 916 emendatus
1056 859 1117 915 est:

295 953 369 1019 Nisi
390 976 490 1017 unum
512 953 674 1039 epityrum
696 953 744 1017 illi
766 963 853 1017 estur
876 952 989 1016 insane
1013 951 1104 1018 bene.

211 1055 425 1140 etenimquod
441 1054 567 1121 codices
589 1055 744 1140 praebent
756 1058 840 1143 osred
855 1057 952 1133 illam,
966 1077 1025 1141 pro
1036 1054 1230 1141 glossemate
1246 1052 1446 1118 habendum

210 1180 279 1223 esse
306 1158 379 1223 voci
405 1159 452 1222 tlt
472 1158 650 1244 adscripto,
678 1179 781 1243 paene
808 1170 929 1222 eertum
955 1167 1011 1224 est.
1055 1157 1117 1221 hoc
1146 1179 1225 1222 saue
1248 1155 1446 1221 mirandum

213 1271 273 1338 est,
297 1261 385 1346 quod
406 1283 510 1345 neque
539 1262 570 1324 iu
593 1260 627 1324 A
650 1261 691 1347 (si
713 1260 809 1325 modo
831 1260 944 1345 spatiis
978 1259 1156 1325 litterarum
1189 1256 1447 1344 deperditarum

212 1363 371 1429 confidere
392 1363 491 1451 lieet),
515 1385 619 1448 neque
642 1363 729 1447 apud
744 1362 926 1430 Varronem
949 1364 986 1426 dc
1009 1363 1027 1427 l.
1044 1363 1097 1430 lat.
1113 1360 1184 1428 VH
1198 1361 1241 1426 86
1257 1358 1446 1424 verborum

213 1469 298 1553 apud
335 1467 423 1530 illam
460 1467 512 1531 vel
552 1468 600 1530 itti
636 1465 809 1553 vestigium
852 1475 1006 1550 superest.
1070 1464 1155 1527 Tmo.
1184 1463 1248 1528 579
1299 1472 1447 1549 utraque

212 1568 373 1652 scriptura
394 1568 491 1633 simili
513 1569 608 1632 modo
642 1577 738 1653 atque
760 1568 792 1630 in
816 1566 972 1633 Pseuduli
1001 1589 1096 1632 versu
1123 1564 1242 1630 tradita
1273 1578 1344 1650 est3
1383 1586 1447 1652 quo

212 1693 310 1735 versu
333 1692 406 1735 cum
429 1670 457 1735 P
479 1671 702 1756 (Ambrosiani
725 1671 884 1758 scriptura
902 1680 1041 1733 aetatem
1063 1692 1127 1733 non
1144 1668 1230 1753 tulit)
1254 1666 1446 1755 praebeant

211 1773 265 1856 ,ad
287 1786 318 1837 te
340 1774 424 1838 ferre
446 1796 497 1837 me
520 1773 611 1837 iussit
634 1772 691 1837 tibi
713 1773 828 1855 Doua‘‚
854 1773 894 1837 de
920 1772 1073 1838 eiciendis
1102 1770 1209 1836 verbis
1232 1773 1282 1834 ad
1309 1783 1358 1848 te,
1391 1768 1446 1855 qui

214 1876 364 1942 videlicet
387 1876 429 1941 ad
451 1879 507 1941 tibi
528 1875 799 1961 interpretationis
823 1897 920 1939 causa
943 1875 1045 1939 additi
1067 1886 1151 1952 suut,
1175 1895 1273 1938 nemo
1298 1873 1444 1955 dubitat,

217 1979 364 2066 quamvis
394 1979 433 2044 de
464 2001 558 2043 versu
580 1978 779 2043 restituendo
808 1976 998 2064 ambigatur.
1043 1978 1160 2054 simile,
1189 1975 1247 2040 sed
1278 1976 1379 2041 idem
1402 1975 1445 2041 di·

214 2103 343 2145 versum
367 2097 424 2159 est,
448 2080 534 2170 quod
556 2081 793 2166 perspicuitatis
817 2103 915 2144 causa
935 2082 1018 2144 Pers.
1031 2081 1094 2146 576
1117 2078 1252 2167 quidam
1274 2102 1444 2167 gramm

213 2183 295 2248 ticus
319 2185 360 2248 ad
375 2187 493 2249 adduco
516 2184 641 2249 addidit
663 2187 705 2247 art
722 2196 758 2261 ta,
774 2206 838 2268 quo
853 2183 947 2247 facile
963 2195 1098 2248 caretur.
1121 2204 1185 2246 non
1201 2181 1326 2268 magis,
1344 2205 1445 2271 quam

214 2284 275 2351 hoc
298 2309 393 2352 versu
427 2287 562 2353 verbum
585 2287 723 2361 ferendi,
752 2298 913 2351 corrector
947 2285 1078 2372 quidam
1111 2284 1248 2349 verbum
1278 2284 1445 2351 afferendi

215 2411 288 2455 cum
323 2389 433 2454 dativo
461 2412 617 2477 personae
646 2390 852 2455 coniunctum
880 2388 1028 2453 toleravit
1056 2411 1087 2452 v.
1117 2388 1201 2451 Pers.
1224 2386 1314 2464 498,
1354 2387 1444 2454 cuius

216 2496 454 2582 anapaesticam
470 2515 653 2561 mensuram
675 2493 771 2557 hodie
795 2493 850 2556 vix
866 2491 1037 2579 quisquam
1055 2486 1271 2555 addubitabit.
1322 2490 1444 2577 glosse-

215 2607 300 2661 mate
323 2606 429 2661 autem
453 2612 565 2660 auctus
587 2596 619 2658 in
642 2595 670 2660 P
693 2596 739 2659 sic
761 2594 893 2682 legitur:

301 2696 388 2763 Nam
416 2719 433 2761 e
461 2697 574 2761 Persia
606 2697 648 2762 ad
679 2721 729 2763 me
753 2698 870 2762 allatae
899 2695 994 2759 modo
1021 2705 1096 2759 sunt
1124 2693 1204 2757 istae
1236 2715 1258 2758 a
1291 2718 1374 2763 meo
1395 2697 1445 2762 do

776 2799 872 2864 mino.
887 2798 901 2886 ΙΙ
917 2797 1067 2886 quando?
1081 2796 1095 2885 ΙΙ
1112 2795 1199 2862 haud
1222 2795 1371 2869 dudum.

214 2903 248 2967 in
270 2904 304 2968 A
326 2913 415 2969 extat

300 3005 387 3071 Nam
415 3028 457 3070 ex
488 3003 601 3071 Persia
629 3018 701 3070 suut
730 3005 828 3068 istaec
857 3001 984 3068 adlatae
1011 3002 1090 3067 milri
1103 3048 1258 3070 ........
1285 3006 1446 3092 quando?

825 3104 911 3170 haud
933 3104 1055 3170 dudum

218 3211 309 3276 cuius
332 3221 368 3274 ut
391 3210 518 3296 integra
541 3209 699 3294 scriptura
715 3210 896 3296 indagetur,
919 3207 1140 3293 respiciendus
1163 3218 1211 3272 est
1233 3230 1361 3279 versus
1376 3213 1447 3289 461,

219 3336 313 3401 quem
336 3336 409 3378 cum
433 3312 696 3378 antecedentibus
718 3312 750 3375 in
773 3312 802 3375 P
830 3312 883 3396 (de
907 3311 940 3376 A
963 3312 1043 3376 nihil
1064 3311 1190 3395 notum)
1212 3310 1261 3375 sic
1286 3313 1447 3402 legimus:

303 3416 365 3483 459
388 3415 576 3503 Sagaristio,
598 3414 688 3497 heus,
712 3416 765 3479 exi
788 3428 883 3500 atque
906 3414 1007 3479 educe
1029 3414 1188 3499 virginem

302 3518 532 3585 enuntiatas
555 3517 697 3599 tabellas,
722 3539 803 3604 quas
826 3517 1013 3603 consignavi
1035 3517 1103 3599 tibi,

305 3623 364 3688 146
387 3621 477 3706 Quas
499 3631 534 3686 tu
557 3621 692 3686 attulisti
715 3619 792 3684 mihi
815 3618 856 3682 ab
879 3642 934 3683 ero
957 3641 1028 3683 meo
1051 3640 1153 3706 usque
1176 3639 1193 3681 e
1212 3617 1346 3690 Persia.

217 3724 272 3789 ubi
296 3746 369 3788 cum
393 3725 517 3788 tabellas
539 3725 661 3787 educere
682 3721 810 3786 tolerari
833 3744 897 3786 non
920 3744 1014 3807 posse
1042 3720 1236 3785 Ritschelius
1262 3725 1450 3791 rectissime

218 3827 350 3892 sentiret
359 3827 397 3912 1),
421 3826 539 3912 ceferi)
567 3826 619 3889 vel
642 3826 733 3912 adfer
755 3823 894 3900 addidit,
918 3824 1029 3887 deletis
1053 3822 1160 3887 verbis
1182 3823 1222 3885 at
1245 3845 1304 3890 erc
1322 3852 1400 3895 meo
1420 3838 1451 3895 ut

307 4016 327 4082 ¹)
346 4013 444 4082 Quode
460 4013 484 4066 si
498 4029 577 4066 secus
594 4012 657 4079 quis
674 4012 847 4076 iudicaverit,
865 4010 991 4064 conferat
1008 4010 1094 4064 velim
1111 4008 1209 4063 Pseud.
1228 4010 1285 4067 711

372 4098 468 4152 Attuli
494 4098 576 4152 huuc.
594 4095 603 4165 ll
620 4097 706 4165 quid?
734 4095 915 4149 attulisti?
934 4095 943 4165 ll
960 4094 1090 4148 adduxi
1118 4094 1195 4148 volui
1221 4094 1344 4166 dicere,

220 4185 293 4240 unde
305 4202 386 4253 quam
400 4183 550 4253 diligenter
561 4183 709 4235 verborum
722 4181 853 4234 adducere
866 4183 895 4233 et
905 4181 1013 4249 adferre
1026 4179 1265 4250 significationem
1282 4182 1454 4242 diminuerit

218 4275 311 4342 poeta,
334 4271 440 4343 optime
458 4268 649 4338 cognoscitur:
674 4285 732 4322 uon
750 4266 839 4336 igitur
856 4265 916 4319 veri
934 4268 976 4319 est
994 4264 1093 4330 simile,
1120 4280 1183 4317 eum
1201 4263 1285 4321 Pera.
1304 4268 1362 4326 461
1382 4271 1453 4326 idom

219 4357 320 4411 vitium
338 4355 489 4420 admisisse,
507 4353 581 4422 quod
598 4352 733 4407 Pseuduli
750 4351 813 4405 loco
832 4349 950 4405 deridet.

303 4457 326 4526 ²)
343 4456 384 4512 cf.
402 4457 500 4522 Bacch.
519 4455 576 4510 714.
