3038 5220
703 232 905 330 -.-ii-

194 447 292 522 atque
330 435 511 501 Schoellius
544 435 674 520 quidem
710 439 824 524 (praef.
859 460 890 522 p.
923 433 1005 520 XL)
1046 432 1345 519 circumspiciens,
1380 430 1439 499 ubi

195 537 389 605 Stratulacis
412 560 527 602 nomen
550 538 582 602 in
605 560 794 603 scaenarum
818 539 918 603 titulis
947 547 1073 602 tantum
1094 546 1264 601 servatum
1290 536 1329 601 in
1353 534 1437 625 ipsis

195 639 342 706 versibus
365 639 530 706 restituere
546 654 663 724 Posset,
686 640 718 703 id
740 640 894 705 facillime
916 640 985 704 lieri
1003 638 1129 725 putavit
1145 638 1209 705 boe
1229 660 1350 717 versu,
1365 660 1435 725 quo

196 743 314 807 tradita
338 741 437 807 verba
461 744 537 807 mitt
562 754 603 806 est
625 754 694 807 tuae
716 743 804 807 nullo
827 743 922 808 modo
944 742 1021 806 ferri
1044 752 1185 827 possent.
1219 762 1317 819 ‚nam
1343 742 1438 829 quod

198 846 279 911 nolit
299 845 452 932 Astaphii
473 845 617 923 „saluar
641 847 749 909 sanior
771 867 851 923 esse,
880 867 941 910 non
966 843 1064 909 habet
1086 844 1170 909 eius
1191 842 1317 910 salutis
1340 847 1436 923 satis,

200 947 257 1012 sed
289 948 419 1012 omnino
455 948 586 1025 salutis3
620 946 705 1012 unde
736 958 824 1033 patet
854 970 917 1012 non
946 947 1040 1011 aliter
1067 957 1165 1031 atque
1192 946 1229 1010 in
1256 948 1439 1011 Asinariss

197 1073 290 1116 versu
313 1051 375 1115 911
399 1073 527 1115 servum
550 1051 671 1116 dixisse
692 1062 739 1114 sat
759 1051 887 1124 salutm,
910 1073 948 1114 ac
979 1050 1054 1113 mati
1073 1062 1116 1114 est
1137 1061 1208 1113 tuae
1236 1048 1370 1128 verbo,
1405 1051 1440 1115 in

198 1152 315 1238 quibus
338 1152 431 1218 BCD
454 1174 527 1218 cum
550 1155 578 1217 A
603 1154 815 1230 consentiunt,
839 1176 880 1218 ex
904 1174 999 1218 versu
1021 1152 1202 1236 insequenti
1224 1151 1441 1240 interpolata

197 1262 289 1321 esse‘
333 1257 389 1320 sed
414 1255 593 1321 Schoellius
616 1256 771 1321 hocloco
794 1278 858 1319 non
886 1266 973 1319 recte
999 1253 1158 1319 intellexit
1203 1254 1439 1320 elocutionem

197 1358 349 1424 cotidiani
372 1359 543 1438 sermonis,
573 1359 677 1444 qualis
700 1381 741 1423 ne
764 1381 783 1423 a
805 1372 914 1423 nostra
937 1358 1069 1443 quidem
1091 1357 1205 1442 lingum
1227 1356 1348 1422 aliena
1372 1368 1439 1436 est3

200 1464 318 1527 etenim
341 1461 441 1528 verba
474 1475 521 1527 eat
551 1465 628 1527 mibi
660 1475 728 1528 tuae
755 1464 872 1526 saltant
900 1460 1054 1525 vertenda
1078 1472 1166 1524 sunt:
1195 1458 1254 1523 bor
1286 1460 1358 1547 aas
1383 1463 1440 1525 mit

198 1567 316 1630 danem
344 1566 437 1643 ealce3
474 1587 512 1630 ac
546 1565 632 1630 felici
666 1588 744 1631 casu
770 1565 892 1641 evenit,
926 1578 961 1628 ut
988 1584 1094 1626 meam
1123 1560 1439 1648 interpretationem

200 1667 301 1731 altero
334 1667 405 1731 loco
437 1667 483 1732 ita
515 1667 639 1732 munire
666 1668 800 1753 possim,
839 1681 875 1732 ut
908 1665 995 1730 nulla
1022 1662 1181 1729 dubitatio
1208 1661 1438 1749 relinquatur.

203 1769 299 1834 scisti
320 1770 456 1837 enimv.
479 1770 520 1835 91

287 1871 453 1937 Osculum.
466 1873 535 1960 llsat
557 1882 606 1936 est
627 1873 728 1937 osculi
751 1872 830 1936 mihi
853 1871 952 1936 vestri

200 1998 278 2040 cave
312 1986 435 2040 vertas:
480 1977 547 2040 bort
578 1976 639 2058 auf
672 1975 751 2039 mim
782 1999 821 2037 za
851 1975 969 2051 bissem
1007 1993 1083 2035 nam
1116 1971 1209 2035 aaut
1244 1976 1348 2037 vestri
1381 1996 1441 2061 pro

200 2079 364 2142 osculorum
396 2090 559 2143 vestrorum
590 2076 667 2142 ferri
700 2099 764 2141 non
800 2098 893 2161 posse
926 2075 1131 2139 manifestum
1158 2084 1221 2151 est;
1261 2074 1327 2140 sed
1365 2098 1441 2143 oum

199 2192 293 2244 antea
315 2180 494 2267 Panegyris
518 2182 578 2263 vel,
609 2180 695 2266 quod
718 2201 778 2266 ego
801 2178 979 2255 maluerim,
1002 2176 1118 2242 ambae
1139 2198 1269 2242 sorores
1295 2181 1441 2245 matium

200 2282 351 2360 dixerint,
374 2284 545 2370 respondet
567 2305 682 2347 senex:
711 2282 777 2345 bert
800 2286 859 2346 mir
882 2283 943 2369 aas
961 2282 1015 2343 mit
1037 2282 1153 2345 Eursm
1172 2283 1353 2355 ,maulam
1401 2306 1440 2349 en

201 2381 300 2448 habes
338 2385 474 2451 eundem
514 2385 713 2470 pronominis
751 2407 846 2450 usum
892 2383 1021 2468 vulgari
1064 2384 1203 2447 sermoni
1246 2385 1440 2473 proprium,

199 2510 293 2572 quem
334 2487 523 2552 Truculenti
556 2509 651 2551 versu
685 2508 745 2572 ego
779 2488 885 2554 statui.
941 2487 1050 2570 itaque
1084 2485 1233 2551 codicum
1272 2492 1440 2557 memoris

203 2591 367 2654 vindicata
383 2612 445 2653 non
470 2603 526 2666 est,
550 2611 607 2654 cur
630 2612 703 2653 cum
719 2589 879 2654 Schoellio
895 2588 995 2653 verba
1016 2589 1092 2652 mitt
1106 2600 1147 2652 est
1161 2599 1232 2652 tuae
1249 2611 1318 2675 pro
1341 2592 1438 2659 inter·

207 2693 324 2778 palatis
342 2691 527 2756 habeamus.
562 2691 617 2768 eia
640 2714 724 2774 quae
740 2691 845 2754 adhue
860 2691 1036 2776 disputavi,
1060 2690 1157 2755 simul
1172 2692 1326 2759 refutata
1351 2706 1437 2774 sunt,

201 2818 284 2878 quae
301 2794 501 2858 FriderIcum
519 2793 660 2859 Leonem
678 2795 773 2880 (Mus.
786 2795 846 2860 Ra.
859 2793 1063 2862 XXXVIII
1080 2816 1110 2878 p.
1124 2793 1141 2857 1
1162 2793 1224 2880 sq.)
1241 2808 1436 2877 moverunt,

203 2909 237 2961 ut
262 2897 362 2961 verba
385 2898 431 2961 sic
453 2898 678 2982 distingueret:

286 2999 391 3064 Salve.
405 3000 475 3086 {isat
497 3000 591 3063 mihi:
615 3010 689 3064 tuae
711 2999 824 3063 salutis
847 2998 892 3062 nil
915 3020 1034 3062 moror:
1058 3009 1107 3062 sat
1129 2998 1250 3065 salveo.

199 3113 315 3166 contra
328 3124 423 3187 quem
440 3102 536 3165 etiam
552 3102 613 3166 hoo
628 3102 715 3179 facit,
732 3103 818 3185 quod
834 3101 971 3166 Plautus
987 3103 1032 3164 nil
1047 3124 1146 3165 meror
1160 3099 1223 3165 nisi
1240 3122 1323 3169 cum
1341 3126 1435 3171 aecu-

202 3205 305 3267 sativo
322 3202 516 3268 substantivi
532 3226 594 3267 non
612 3204 797 3289 coniungit3
820 3215 851 3268 et
867 3204 973 3288 ipsum
988 3205 1115 3267 salutem
1129 3204 1176 3268 nit
1187 3227 1295 3269 morus·
1311 3206 1435 3294 legitur

201 3308 286 3370 Rau.
302 3306 375 3370 852.
414 3314 521 3381 restat,
544 3317 579 3370 ut
594 3305 817 3371 Palatinorum
839 3309 1027 3391 scripturae,
1052 3328 1150 3391 quam
1172 3305 1204 3369 in
1227 3305 1298 3372 fine
1315 3332 1434 3377 versus

202 3408 366 3493 praebent,
389 3432 408 3472 a
432 3408 591 3473 Schoellio
615 3409 717 3473 adiuti
740 3410 977 3495 patrocinemur
1000 3420 1111 3473 eontra
1132 3408 1380 3496 Niemeyerum
1403 3424 1435 3478 et

200 3510 356 3586 Leonem,
386 3532 522 3594 quorum
551 3511 604 3574 hic
634 3511 705 3575 voci
729 3534 787 3574 noa
808 3511 913 3576 locum
936 3533 1000 3575 non
1024 3535 1093 3577 esse
1120 3515 1286 3597 sequentis
1314 3538 1433 3585 versus

200 3635 274 3677 cum
297 3613 358 3677 isto
380 3635 539 3677 conexum
562 3613 676 3678 docere
698 3613 780 3678 dixit
803 3636 897 3691 sane,
927 3615 983 3679 sed
1006 3637 1069 3680 non
1091 3616 1353 3699 demonstravit,
1381 3620 1435 3686 ille

200 3715 246 3779 sie
275 3716 433 3800 disputat:
468 3716 637 3792 ,sententia
671 3716 825 3781 evertitur
854 3718 1025 3802 negatione
1058 3742 1117 3783 aon
1143 3720 1257 3783 idaeo:
1295 3724 1435 3813 egregia

200 3827 307 3882 autem
330 3827 379 3880 est
400 3815 608 3881 Ambrosiani
631 3818 800 3901 scriptura,
823 3842 906 3904 quae
930 3820 974 3884 ita
996 3822 1124 3887 videtur
1138 3822 1328 3907 depravata
1352 3849 1436 3907 esse,

201 3930 234 3982 ut
267 3931 315 3982 sat
347 3930 420 3983 ante
453 3920 550 3983 saleco
582 3919 748 3984 exciderit.
793 3943 857 4008 quo
880 3924 1001 3988 laetum
1030 3936 1093 4000 est,
1127 3934 1163 3989 ut
1189 3932 1438 4009 grammaticus

200 4021 385 4086 coniectura
407 4034 469 4085 sat
500 4023 638 4108 inepta
665 4022 763 4099 illam,
793 4046 891 4106 quam
914 4026 1194 4103 adumbravimus,
1228 4035 1437 4101 sententiam

201 4123 362 4187 efficeret!
406 4146 501 4210 quem
525 4126 644 4210 optime
666 4127 818 4190 refutavit
834 4125 1013 4193 Schoellius
1032 4130 1134 4215 praef.
1158 4152 1189 4215 p.
1204 4128 1314 4213 XLI,
1333 4137 1438 4203 verbo

198 4247 258 4289 aea
273 4225 536 4312 interrogativum
557 4228 661 4292 inesse
677 4228 743 4292 vim
765 4251 905 4297 monens.
949 4241 986 4296 ut
1007 4242 1114 4296 autem
1130 4230 1356 4316 perspicuum
1381 4254 1439 4319 est,

199 4327 460 4415 interpolatorem
487 4342 533 4393 aet
555 4330 655 4396 multo
677 4331 804 4396 facilius
834 4354 874 4396 ex
897 4331 1157 4398 antecedentibus
1181 4354 1363 4407 arcessere
1386 4366 1440 4431 po

201 4428 314 4509 tuisse,
348 4452 445 4519 quam
477 4454 536 4496 raca
558 4432 597 4496 de
626 4455 684 4498 suo
713 4434 871 4519 conicere,
905 4433 951 4499 ita
977 4443 1068 4519 patet
1094 4454 1207 4512 causa,
1237 4457 1315 4524 qua
1348 4446 1388 4513 in
1414 4446 1444 4513 Α
