3038 5220
715 240 914 340 „u-

218 461 224 472 ·
290 441 343 508 Ac
366 465 405 508 ne
435 443 507 532 quis
532 444 759 532 probabilitate
786 468 917 534 prorsus
944 466 1054 511 carere
1080 456 1172 532 putet
1203 468 1222 510 a
1244 456 1438 513 correctore

204 544 402 632 longioribus
431 546 576 612 versibus
610 547 787 613 clausulam
821 549 955 615 brevem
976 548 1201 634 interpositam
1226 570 1315 627 esse,
1351 549 1438 614 satis

205 658 413 734 praecautum
447 658 496 712 est
523 649 585 714 alio
607 649 695 728 loco,
725 651 780 737 qui
809 673 906 738 quam
935 650 1092 717 violenter
1119 650 1174 716 ille
1202 661 1367 717 corrector
1399 651 1436 716 in

206 759 318 838 poetae
347 748 446 814 verba
477 751 688 830 consuluerit,
723 753 853 840 egregie
883 753 986 818 docet.
1036 754 1148 821 Pseud.
1174 754 1236 819 194
1257 751 1438 820 Calidorus

205 852 395 938 importunis
432 851 708 940 obiurgationibus
735 853 893 920 Ballionis
928 855 1114 942 indignatus
1143 855 1193 920 his
1221 855 1435 921 Pseudulum

207 955 392 1042 alloquitur,
415 954 442 1019 si
464 955 629 1022 Palatinos
652 956 831 1044 sequimur:

290 1056 352 1124 193
1147 1057 1271 1136 Audin,
1292 1057 1438 1124 furcifer

290 1159 352 1224 194
373 1158 465 1243 Quae
492 1159 656 1247 loquitur?
690 1161 773 1225 satin
801 1161 991 1249 magnificus
1019 1160 1079 1226 tibi
1105 1159 1257 1226 videtur?

290 1261 413 1330 Versus
431 1261 493 1327 194
508 1283 580 1327 eum
598 1263 682 1328 iusto
698 1262 826 1329 brevior
840 1264 890 1345 sit,
906 1261 1107 1328 Ritschelius
1123 1272 1222 1339 recte,
1237 1272 1274 1327 ut
1291 1261 1440 1342 videtur,

203 1376 276 1451 post
315 1365 446 1451 loquitur
488 1366 637 1429 lacunam
679 1366 842 1434 indicavit.
915 1366 954 1431 de
994 1363 1213 1430 Ambrosiano
1256 1363 1436 1431 audiamus

205 1465 370 1532 Loewium
387 1468 507 1553 optime
524 1467 571 1531 sic
587 1467 804 1554 disputantem
820 1470 927 1552 (Anat.
943 1469 1046 1533 Puer.
1063 1490 1094 1554 p.
1112 1467 1203 1548 164t:
1221 1465 1283 1548 „V.
1300 1466 1366 1533 194
1382 1491 1433 1556 sq.

205 1588 278 1633 oum
307 1569 433 1635 omittat
458 1570 493 1634 A
526 1592 619 1657 ,quae
654 1570 816 1659 loquitur,
850 1569 950 1636 habes
977 1570 1175 1637 trochaicum
1207 1570 1433 1657 septenarium

205 1693 279 1737 oum
302 1672 446 1738 dimetro'
460 1672 661 1738 catalectico:

205 1773 297 1842 Satin
324 1776 514 1862 magnificus
543 1774 602 1840 tibi
628 1774 780 1839 videtur?
830 1773 891 1840 Por
917 1775 977 1840 iste
1006 1785 1103 1862 atque
1132 1775 1229 1840 etiam
1257 1774 1430 1860 mdlifious,

520 1877 585 1944 sed
608 1888 677 1942 tace
700 1887 797 1965 atque
819 1878 904 1942 banc
927 1880 994 1942 rem
1018 1899 1103 1965 gere.

202 2001 267 2044 non
306 1990 354 2045 est
392 1990 500 2047 autern
537 1982 619 2046 haec
650 1980 809 2068 scriptura
840 1981 882 2046 ab
916 1982 984 2068 ipso
1016 1981 1130 2048 Plauto
1169 1981 1325 2068 profecta.
1380 1981 1428 2046 sic

206 2084 290 2147 enim
320 2083 347 2146 si
376 2083 532 2150 sumimus
559 2095 688 2171 poetam
710 2081 852 2161 dedisse,
886 2082 1011 2148 duobus
1039 2092 1164 2149 tantum
1194 2081 1297 2147 modis
1325 2082 1430 2148 verba

208 2185 357 2270 coniungi
378 2196 527 2270 possunt3
549 2186 582 2250 ui
602 2186 720 2251 mirum
736 2196 792 2251 aut
808 2186 919 2265 ,audin
933 2184 1085 2250 furcifer?
1106 2185 1191 2251 satin
1206 2224 1248 2235 -
1264 2184 1430 2251 videtur?‘

208 2326 248 2336 -
271 2287 303 2352 id
328 2289 416 2374 quod
439 2310 535 2354 sensu
557 2289 687 2354 omnino
711 2300 811 2372 caret,
843 2289 994 2376 quoniam
1017 2310 1082 2352 non
1103 2299 1152 2352 est
1173 2310 1231 2353 cur
1249 2286 1428 2381 Calidorus

203 2386 404 2455 Pseudulum
428 2391 568 2478 appellet
598 2392 787 2455 furciferum
809 2431 851 2440 -
879 2403 934 2456 aut
951 2391 997 2455 sic
1025 2390 1156 2470 audin?
1184 2391 1318 2456 furcifer
1340 2392 1427 2456 satin

205 2531 243 2540 -
278 2492 406 2557 videtur
415 2495 442 2560 ‘?‘
478 2533 516 2541 —
551 2493 585 2557 id
614 2493 700 2580 quod
734 2494 787 2558 vel
820 2492 861 2557 ob
895 2490 1136 2557 collocationem
1164 2491 1428 2579 improbandum.

207 2605 304 2682 atque
340 2595 478 2683 demptis
510 2595 573 2660 illis
602 2596 708 2662 vorbis
736 2595 778 2661 ab
806 2616 867 2659 usu
896 2593 1047 2659 Plautino
1075 2594 1266 2674 recedimus,
1294 2616 1335 2659 ex
1359 2617 1428 2682 quo

204 2699 300 2762 audire
322 2697 375 2762 vel
396 2700 484 2764 tuden
504 2721 567 2764 non
591 2698 726 2786 proferri
749 2697 829 2763 solet
851 2697 919 2761 sine
942 2719 1018 2783 quae
1042 2698 1181 2784 loquitur,
1205 2700 1349 2785 quesierit,
1383 2698 1428 2763 al.

202 2799 417 2865 locutionibus
425 2802 461 2888 1).
516 2800 696 2866 simillimus
728 2801 817 2866 locus
846 2809 894 2865 est
927 2801 1016 2867 Most.
1045 2822 1075 2866 v.
1106 2787 1204 2866 1172:
1245 2800 1368 2878 ‚viden
1390 2812 1430 2867 ut

113 2904 115 2908 ’
205 2913 288 2967 astat
309 2903 443 2969 furcifer
451 2906 479 2972 i‘
524 2902 643 2970 delevit
671 2903 770 2991 igitur
790 2901 1028 2968 Ambrosianae
1056 2901 1253 2968 recensionis
1279 2912 1429 2968 auctor.“

203 3004 267 3071 iam
308 3005 397 3084 vide,
430 3017 536 3073 utrum
568 3029 738 3095 perperam
771 3006 888 3070 nimiae
920 3004 1085 3070 doctrinae
1118 3015 1150 3069 et
1179 3005 1334 3070 audaciae
1358 3026 1432 3072 oor·

203 3118 360 3173 rectorem
390 3109 467 3175 mihi
500 3110 664 3188 finxerim,
695 3133 735 3175 an
764 3133 826 3175 non
856 3119 974 3174 temere
998 3108 1042 3173 illi
1071 3107 1149 3173 talia
1173 3107 1270 3173 tribui
1290 3108 1432 3195 possint,

204 3211 314 3300 qualia
351 3233 424 3277 euru
462 3213 596 3278 fortasse
635 3223 784 3278 conatum
824 3234 894 3277 esse
934 3211 1002 3276 dixi
1042 3210 1082 3275 de
1120 3212 1205 3275 llaec.
1240 3209 1430 3293 225-227

203 3312 383 3401 disputans.

288 3415 431 3482 Transeo
454 3417 497 3482 ad
513 3439 640 3483 versum
660 3418 725 3484 Cas.
741 3417 779 3483 H
798 3421 824 3500 l,
853 3419 899 3500 15,
924 3419 964 3483 de
980 3441 1043 3505 quo
1059 3417 1124 3480 iam
1140 3416 1388 3483 Studemuudus
1402 3419 1433 3504 ²)

90 3562 92 3572 ·
204 3530 291 3584 recte
313 3520 477 3585 iudicavit
523 3520 664 3586 Palatini
687 3521 772 3587 enim
795 3543 868 3586 oum
891 3521 937 3586 sic
960 3520 1152 3586 exhibeant:

288 3622 353 3688 Se'd
373 3623 452 3687 foris
476 3625 663 3710 concrepuit
685 3634 782 3712 atque
810 3646 848 3688 ea
875 3626 946 3712 lpsa
976 3644 1084 3688 eccam
1115 3621 1276 3708 egreditur
1304 3621 1408 3699 foras,

204 3724 440 3790 Ambrosianus
466 3725 662 3791 recensionis
688 3738 799 3791 auctor
823 3724 921 3790 verba
948 3748 983 3790 eo
1009 3735 1041 3790 et
1055 3727 1145 3813 foras
1165 3723 1298 3801 delevit,
1325 3733 1362 3789 ut
1386 3727 1433 3790 ad

202 3850 348 3893 normam
364 3848 514 3892 versuum
530 3826 787 3894 antecedentium
810 3827 963 3892 creticum
987 3838 1205 3894 tetrametrum
1229 3826 1385 3891 efficeret:

287 3929 353 3996 de
375 3930 452 3995 foris
475 3931 659 4018 concrepuit
682 3934 780 4018 dtque
802 3931 874 4019 ipsa
897 3952 1006 3995 eccam
1029 3930 1202 4018 egreditur.

204 4053 288 4115 quae
323 4055 434 4097 vorsus
463 4033 638 4120 discriptio,
671 4035 699 4098 si
727 4032 826 4099 verba
857 4032 926 4099 sola
953 4045 1089 4121 spectas,
1114 4031 1333 4097 Palatinorum
1364 4053 1435 4098 me·
1476 4078 1479 4082 ι

204 4134 336 4199 moriam
361 4156 424 4199 non
448 4146 583 4222 aequat3
606 4134 663 4200 sed
686 4135 812 4201 accedit
834 4135 932 4201 aliud.
978 4135 1163 4201 Fridericus
1186 4135 1271 4198 enim
1294 4132 1361 4198 Leo
1398 4136 1435 4200 in

290 4358 309 4421 ¹)
327 4357 361 4409 cf.
381 4356 488 4410 Becker
506 4357 538 4409 de
555 4365 622 4425 synt.
640 4357 727 4409 interr.
748 4355 796 4408 obl.
815 4355 856 4425 (in
874 4355 1062 4410 Studcmuudi
1080 4355 1331 4423 strutionum
1352 4372 1396 4424 sq.

289 4458 311 4527 ²)
329 4459 455 4512 Zeitsctr.
471 4457 495 4524 f.
514 4459 539 4511 tl.
560 4458 796 4526 Gymnasialweren
814 4455 921 4513 XVIII
937 4474 965 4527 p.
982 4457 1054 4529 553
