3038 5220
622 294 823 397 -ιιι-

114 504 374 582 multitudinem,
404 503 521 591 quibus
549 502 638 567 nulla
668 505 798 567 omnino
824 500 971 566 mutandi
1000 521 1097 564 causa
1119 520 1159 564 ac
1183 500 1268 564 ratio
1291 495 1338 564 di·

115 607 199 693 spici
224 617 340 693 potest,
370 630 411 672 ex
439 605 597 671 eiusmodi
623 605 864 693 exemplaribus
893 605 1027 692 petitam
1056 625 1125 668 esse
1151 601 1232 666 mihi
1265 623 1337 686 per-

115 731 246 772 suasam
269 720 325 775 est
369 710 486 774 etenim
509 709 565 792 qui
587 710 621 773 in
643 707 763 773 fabulis
785 707 942 772 Plautinis
964 709 1010 770 ita
1031 705 1169 790 grassmi
1191 715 1277 784 sunt,
1301 715 1339 770 ut

115 809 158 874 ab
180 811 315 896 integris
337 814 463 876 somnis
484 811 699 877 audacissime
721 809 934 876 retractandis
958 831 1021 873 non
1037 807 1256 886 abhorrerent,
1272 806 1337 870 sin·

114 911 208 996 gulos
230 936 359 998 quoque
381 935 495 979 versus
516 926 548 979 et
570 914 673 980 verba
693 913 840 998 attigisse
865 922 1116 976 consentaneum
1143 919 1205 985 est3
1239 931 1337 973 nemo

115 1015 200 1079 enim
223 1027 272 1081 est
294 1017 372 1103 quin
394 1017 476 1081 sciat
498 1027 635 1104 quantas
658 1016 851 1081 mutationes
878 1015 1020 1078 omnium
1043 1034 1127 1096 quae
1155 1019 1189 1074 in
1215 1032 1338 1075 scaena

114 1128 254 1202 aguntur
282 1118 466 1183 fabularum
492 1118 595 1184 verba
621 1119 758 1184 subeant
786 1118 975 1182 histrionum
998 1137 1112 1202 opera,
1140 1113 1211 1177 sire
1232 1134 1336 1177 novos

113 1242 227 1286 versus
249 1219 423 1286 ludibundi
443 1220 568 1286 addunt
596 1222 720 1286 sivein
744 1220 849 1286 locum
872 1216 1119 1293 vocabulorum,
1147 1237 1230 1302 quae
1253 1215 1336 1302 ipsis

113 1324 220 1387 minus
248 1321 390 1410 placent,
419 1324 545 1410 aptiora
567 1347 651 1412 quae
673 1323 823 1390 videntur
846 1322 1056 1401 substituunt,
1088 1319 1235 1384 ordinem
1264 1339 1336 1386 ver·

115 1425 229 1490 borum
244 1437 379 1508 mutant,
402 1426 467 1491 alia
487 1426 608 1492 similia
629 1437 793 1492 conantur.
841 1424 1022 1491 cuiusmodi
1045 1422 1235 1488 mutationes
1259 1443 1336 1485 cum

114 1528 157 1593 ad
180 1528 351 1592 histriones
374 1528 521 1606 referam,
538 1531 670 1615 egregie
686 1529 822 1594 adiuvor
837 1528 1076 1614 comparatione
1091 1523 1336 1611 tragoediarum

114 1653 312 1716 graecarum,
336 1632 370 1694 in
387 1651 522 1715 quarum
540 1633 631 1698 libris
646 1634 874 1719 manuscriptis
889 1631 1001 1718 quales
1016 1628 1126 1695 turbas
1142 1626 1335 1693 histrionum

114 1735 285 1799 conamina
300 1735 460 1800 moverint
474 1745 525 1801 sat
538 1735 647 1801 multis
671 1735 749 1800 locis
763 1734 969 1800 manifestum
985 1746 1042 1810 est,
1060 1729 1220 1796 nonnullis
1235 1729 1336 1796 etiam

113 1836 359 1901 scholiastarum
381 1836 508 1902 disertis
531 1839 721 1903 testimoniis
745 1838 919 1919 evincitur3
943 1859 1007 1922 qua
1030 1835 1070 1900 de
1094 1857 1127 1898 re
1150 1831 1225 1898 vide
1248 1853 1335 1916 quae

114 1939 314 2025 collegerunt
340 1939 529 2006 Dindorfius
558 1944 591 2006 in
622 1942 728 2007 indice
749 1940 838 2006 solsol.
855 1939 966 2025 Eurip.
994 1963 1019 2003 s.
1040 1962 1070 2003 v.
1098 1933 1271 2022 inexpertis
1303 1945 1336 2000 et

117 2043 277 2128 Berghius
308 2042 426 2109 Griech
454 2041 938 2131 Lat.-Goct.111p.70-72.
983 2052 1016 2105 at
1037 2039 1183 2105 modicus
1205 2055 1255 2104 est
1276 2061 1335 2104 nu·

115 2168 223 2211 merus
238 2146 394 2212 eiusmodi
412 2147 554 2214 locorum
573 2147 694 2228 inillis,
714 2149 836 2234 quippe
850 2168 987 2232 quarum
1003 2143 1221 2230 integritatem
1242 2142 1334 2229 leges

114 2253 161 2313 rei
177 2248 326 2333 publicae
341 2250 579 2334 quodammodo
594 2261 769 2332 servarent,
787 2251 902 2334 ingens
918 2263 966 2312 est
984 2252 1016 2312 in
1032 2245 1149 2312 fabulis
1160 2245 1333 2326 Plautinis,

115 2375 197 2438 quae
225 2353 360 2418 simulac
389 2378 407 2419 e
433 2355 584 2420 manibus
610 2365 724 2441 poetae
751 2354 942 2439 prodierunt
969 2353 1158 2417 histrionum
1181 2350 1333 2415 licentiae

113 2457 242 2520 omuino
258 2458 399 2522 traditae
421 2470 523 2524 erant.
567 2456 770 2523 verissimum
792 2457 892 2543 igitur
914 2458 998 2522 duco
1014 2453 1151 2541 Bergkii
1164 2452 1332 2537 iudicium,

113 2557 200 2644 quod
222 2557 286 2623 lo.
302 2557 389 2624 tulit:
411 2559 486 2638 ,Ein
502 2560 626 2626 Drama
650 2559 845 2646 vollstiiudig
867 2582 906 2624 au
930 2556 1155 2622 tiberarbeiten
1177 2555 1244 2620 und
1267 2554 1332 2620 den

113 2659 301 2726 Wiinschen
324 2661 382 2727 des
406 2663 598 2730 Publihums
621 2662 855 2751 entsprechend
878 2662 1011 2728 aurecht
1031 2683 1073 2724 au
1095 2658 1240 2737 macheu,
1265 2681 1332 2725 was

112 2764 181 2828 sich
204 2764 256 2829 die
278 2764 460 2830 riimischsn
484 2767 711 2856 Schauspieler
734 2770 793 2833 mit
816 2768 878 2834 deu
896 2764 1093 2832 Comoedien
1116 2764 1173 2828 des
1197 2761 1333 2827 Plautus

112 2865 295 2946 erlaubten,
323 2869 379 2933 hat
400 2891 474 2934 man
498 2869 581 2936 wohl
603 2894 664 2951 nur
686 2871 787 2937 seiten
814 2877 964 2957 gewagt‘
1007 2870 1092 2936 idem
1121 2882 1244 2950 tamen,
1275 2868 1333 2954 qui

112 2992 153 3033 ex
169 2968 225 3034 tali
241 2968 431 3037 histrionum
454 2994 553 3057 opera
574 2973 758 3062 frequentes
781 2975 927 3040 codicum
951 2973 1185 3061 discrepantias
1207 2970 1332 3057 primus

111 3074 277 3160 repetivit,
307 3074 464 3160 exemplis
495 3075 537 3140 ad
559 3075 642 3142 hauc
664 3100 731 3143 rem
756 3078 1041 3145 demonstrandam
1070 3091 1136 3143 tam
1158 3098 1222 3140 non
1245 3075 1331 3162 aptis

111 3198 186 3240 usus
213 3186 262 3241 est
290 3176 403 3263 (Beitr.
434 3201 460 3241 z.
488 3179 541 3243 lot.
571 3178 709 3246 Gramm.
739 3204 769 3268 p.
794 3182 879 3268 132),
909 3194 945 3249 ut
973 3205 1030 3247 suo
1058 3183 1128 3247 iure
1150 3177 1331 3245 Schoellius

111 3279 218 3365 (Anat.
251 3280 355 3344 Plaot.
388 3303 420 3366 p.
446 3282 573 3369 1-14)
600 3284 670 3349 eius
696 3287 853 3352 rationem
880 3289 1088 3374 impugnasse
1117 3283 1266 3348 videatur
1301 3294 1332 3348 et

111 3405 212 3469 usque
239 3384 282 3448 ad
310 3384 367 3449 bos
398 3385 467 3450 dies
495 3409 589 3452 nemo
618 3387 704 3474 quud
731 3391 830 3454 sciam
860 3389 901 3454 ad
929 3389 991 3454 huc
1019 3386 1202 3472 corrigendi
1226 3407 1330 3470 genus

110 3487 229 3550 reverti
246 3497 379 3551 conatus
395 3489 445 3555 sit.
468 3512 521 3553 me
544 3513 621 3554 vero
635 3491 803 3575 Augustus
817 3492 1113 3573 Reifferscheidius,
1138 3500 1330 3576 praeceptor

110 3589 354 3668 illustrissimus,
381 3591 614 3658 adhortabatur
641 3603 683 3658 nc
704 3593 843 3679 Bergkii
867 3596 985 3661 iudicio
1007 3594 1157 3680 neglecto
1180 3594 1213 3656 iu
1236 3593 1330 3656 aesti-

111 3693 236 3757 mandis
259 3699 480 3760 recensionum
504 3698 728 3784 discrepantiis
751 3698 793 3762 ad
810 3699 999 3763 histrionum
1022 3698 1184 3763 licentiam
1212 3717 1330 3782 parum

109 3796 323 3875 attenderem
356 3799 454 3883 idque
481 3799 650 3865 eonsilium
677 3823 741 3887 quo
772 3801 892 3866 diutius
922 3800 1140 3889 persequebar
1162 3820 1200 3863 eo
1223 3799 1329 3884 magis

109 3899 189 3963 mihi
215 3900 386 3986 probatum
413 3914 471 3967 cst.
515 3924 592 3966 sane
618 3903 784 3968 fatendum
812 3918 861 3969 est
887 3928 951 3969 non
980 3905 1092 3992 paucis
1120 3901 1198 3966 locis
1222 3912 1344 3975 utrum¹

109 4002 279 4069 histriones
306 4027 348 4070 an
372 4006 578 4091 grammatici
605 4018 752 4072 auctores
780 4010 992 4073 mutationum
1015 4005 1156 4072 habendi
1178 4004 1242 4068 sint
1264 4027 1329 4070 non

108 4129 204 4195 posse
226 4130 300 4175 aum
322 4107 387 4173 fide
409 4108 592 4174 diiudicari.
637 4131 777 4197 namque
800 4113 860 4175 etsi
883 4132 1113 4199 saepenumero
1136 4110 1329 4173 mutationes

109 4211 282 4298 quasdam,
318 4234 402 4299 quae
434 4211 476 4278 ab
510 4213 720 4278 histrionibus
749 4214 909 4300 profectae
944 4226 1031 4296 sunt,
1066 4210 1242 4277 certissime
1276 4233 1330 4276 ne·

108 4337 186 4400 gare
200 4318 376 4402 poterimus
397 4338 417 4379 a
439 4317 659 4401 grammaticis
682 4315 785 4381 factas
807 4340 886 4396 esse,
909 4339 972 4381 non
996 4316 1109 4381 eadem
1131 4311 1329 4379 confidentia

109 4421 301 4485 mutationes
343 4421 572 4506 grammaticas
612 4441 677 4484 non
718 4420 861 4506 potuisse
904 4440 947 4484 ex
988 4417 1177 4483 histrionum
1222 4439 1328 4482 exem-

108 4524 253 4611 plaribus
289 4526 323 4591 in
361 4536 488 4592 nostros
527 4524 655 4590 codices
694 4524 859 4589 transferri
895 4521 1086 4590 audebimus
1124 4519 1328 4591 contendere.
