3038 5220
730 234 790 301 137

157 460 235 505 mur:
265 450 312 518 ‚ut
333 438 477 503 homines
505 461 555 504 me
580 451 737 506 mortuom
759 440 869 505 dicant
890 441 996 522 lame‘,
1026 449 1134 504 tamen
1163 448 1272 504 nostro
1301 436 1370 503 iure

157 562 262 609 rocem
291 565 340 607 ure
371 543 468 607 etiam
500 543 535 607 in
557 543 781 609 Palatinarum
804 543 987 608 recensione
1022 528 1060 606 in*
1093 540 1232 608 eundem
1265 540 1372 618 locum

160 645 369 723 restituemus,
392 667 487 733 quem
510 645 588 711 inA
611 644 690 710 bene
713 646 864 720 servavit,
887 656 922 710 ut
944 643 986 709 ad
1010 643 1095 709 hunc
1118 644 1225 731 potius
1246 664 1376 710 versum

157 745 292 814 Palatini
314 748 463 814 redeant:
1406 735 1409 742 ’

235 850 353 939 Neque
376 871 438 936 ego
461 850 521 915 boc
537 850 745 933 committam,
770 861 806 916 ut
828 850 900 914 med
917 849 1063 914 homines
1086 860 1246 915 mortuom
1266 848 1401 916 dicant,

231 953 235 961 '
1116 951 1212 1018 iame‘

159 1074 282 1138 prorsus
311 1056 399 1140 paris
425 1076 499 1119 cum
524 1054 731 1120 Ambrosiani
762 1078 858 1121 versu
886 1054 997 1140 pretii3
1030 1077 1105 1119 nam
1135 1053 1284 1118 infinitivi
1315 1076 1374 1118 eree

157 1154 276 1243 ellipsin
299 1158 475 1223 defendunt
490 1159 578 1222 Most.
593 1158 657 1224 443
675 1159 740 1244 ‚qui
756 1170 788 1223 te
805 1158 968 1223 nuntiaret
983 1168 1163 1224 mortuom!
1206 1158 1291 1222 Truc.
1308 1156 1370 1221 742

158 1277 319 1333 ‚mortuom
353 1261 460 1326 hercle
495 1283 545 1326 me
577 1261 740 1326 mavelim‘
774 1261 838 1326 926
869 1259 1040 1337 ‚Mortuom
1074 1260 1182 1327 hercle
1211 1282 1264 1325 me
1292 1258 1373 1324 adeo

160 1363 288 1428 satiust!
331 1364 446 1428 Bacch.
462 1363 525 1426 506
547 1363 630 1449 ,Ego
646 1365 723 1428 faxo
739 1363 804 1430 hau
821 1363 907 1429 dicet
923 1376 1060 1441 nactam,
1084 1386 1179 1451 quem
1201 1361 1376 1428 deluserit!

238 1465 362 1534 Summi
385 1467 538 1530 momenti
561 1466 603 1530 ad
625 1483 767 1531 nostram
790 1469 1011 1550 quaestionem
1034 1476 1082 1530 eat

195 1570 304 1636 Pseud.
325 1568 390 1636 669

235 1671 286 1737 A:
309 1670 460 1759 Namque
484 1671 555 1757 ipsa
576 1670 809 1756 Opportunitas
838 1694 900 1736 non
925 1671 1029 1756 potuit
1057 1671 1136 1736 mihi
1158 1668 1370 1757 opportunius

402 1806 404 1811 ·
965 1774 1133 1838 Advenire

237 1875 281 1941 P:
305 1875 392 1941 Nam
424 1876 497 1961 ipsa
534 1875 613 1941 mihi
645 1876 880 1963 Opportunitas
919 1899 982 1941 non
1020 1876 1124 1962 potuit
1159 1874 1371 1963 opportunius

962 1979 1140 2046 Advenire.

143 2093 367 2164 praepropere
395 2079 559 2145 Palatinos
594 2082 759 2146 damnavit
792 2083 1007 2170 Niemeyerus
1035 2108 1065 2171 p.
1090 2084 1146 2160 16,
1179 2081 1271 2147 cuius
1293 2080 1373 2145 haec

146 2193 199 2245 est
225 2182 416 2269 disputatio:
447 2184 586 2261 ‚videtur
614 2209 686 2248 nam
712 2185 867 2272 scriptum
896 2208 980 2264 esse,
1008 2208 1049 2251 ne
1077 2185 1272 2272 transposito
1302 2207 1373 2268 pro-

148 2288 280 2350 nomine
317 2287 392 2349 mibi
424 2299 559 2351 metrum
588 2288 771 2352 violaretur.
802 2310 865 2354 non
894 2288 979 2353 enim
1006 2288 1082 2352 licet
1105 2310 1125 2350 a
1146 2285 1176 2350 P
1197 2284 1369 2371 proficisci,

154 2386 228 2472 quia
251 2409 347 2465 „nam
370 2388 441 2473 ipsa
466 2394 469 2473 1
495 2388 749 2476 Opportunitas“
773 2390 939 2456 offensioni
955 2392 1054 2455 luisse
1078 2411 1175 2475 aegre
1192 2386 1374 2454 credimus}

154 2490 230 2575 quid
263 2511 339 2554 vero
367 2491 499 2568 mirum,
528 2492 612 2556 siin
640 2493 730 2557 hiatu
758 2494 970 2580 pinguissimo
998 2492 1236 2558 Ambrosianus
1264 2511 1373 2554 recen-

151 2592 249 2658 sionis
272 2604 385 2657 auctor
406 2593 569 2658 haeserit?
592 2595 662 2679 pari
685 2607 794 2660 autem
816 2596 886 2661 iure
906 2596 1098 2660 contendere
1123 2616 1294 2681 possumus
1317 2603 1374 2665 aut

153 2717 280 2782 namque
301 2717 360 2782 pro
382 2720 454 2759 nam
476 2713 532 2760 aut
555 2698 694 2763 invicem
716 2723 787 2762 uam
810 2722 868 2785 pro
891 2722 1019 2784 namque
1041 2698 1194 2785 scriptum
1220 2699 1253 2760 in
1276 2717 1374 2760 causa

150 2797 259 2875 fnisse,
282 2819 347 2882 qua
369 2800 447 2863 mili
469 2800 537 2864 loco
560 2801 700 2887 genuino
728 2813 918 2866 moveretur.
963 2800 1019 2864 sed
1046 2801 1124 2865 mihi
1154 2799 1284 2864 omnino
1306 2821 1371 2863 non

151 2899 361 2983 grammatica
382 2901 440 2965 sed
462 2903 612 2966 scaenica
639 2903 823 2967 retractatio
852 2903 1024 2968 statuenda
1046 2923 1117 2968 esse
1139 2902 1276 2985 videtur,
1306 2924 1371 2986 qua

150 3001 301 3068 facillime
324 3004 503 3091 scripturae
526 3005 697 3070 diversitas
719 3006 909 3091 explicatur.
954 3017 1095 3070 ceterum
1118 3005 1152 3068 in
1174 3017 1310 3091 utraque
1325 3027 1371 3068 re-

152 3105 300 3170 censione
322 3111 367 3170 mi
387 3129 446 3191 pro
468 3109 544 3171 mihi
565 3108 784 3194 reponendum
808 3130 877 3173 esse
900 3118 1151 3175 cousentaneum
1174 3121 1230 3176 est.

237 3207 394 3275 Venimus
421 3211 462 3275 ad
491 3212 649 3294 quosdam
678 3212 783 3289 locos,
817 3211 934 3295 quibus
961 3213 992 3275 in
1024 3211 1190 3277 codicibus
1222 3211 1369 3274 diversae

153 3311 384 3377 sententiarum
400 3324 579 3379 structurae
602 3313 805 3391 exhibentur,
829 3336 883 3379 eos
900 3336 1028 3402 quoque
1051 3313 1369 3401 agrammaticorum

154 3413 336 3500 corrigendi
360 3414 591 3481 consuetudine
613 3416 708 3503 longe
731 3416 862 3482 alienos.

198 3517 284 3582 Trea
307 3516 371 3584 390

215 3620 281 3705 A:
305 3617 427 3686 Verum
449 3620 659 3686 adsimulasse
682 3643 733 3685 me
756 3643 825 3685 esse
848 3632 1057 3707 praegnatem
1081 3619 1168 3685 haud
1192 3642 1275 3706 nego

234 3719 278 3786 Pr
305 3719 424 3789 Verum
447 3722 639 3786 adsimulavi
662 3745 712 3786 me
735 3745 804 3787 esse
827 3732 1051 3809 praegnatem:
1074 3721 1163 3790 haud
1186 3744 1278 3809 nego.

149 3821 357 3888 histrionibus
397 3824 485 3888 haud
528 3836 716 3892 cunctanter
761 3824 905 3889 diversas
943 3847 1054 3890 versus
1091 3827 1210 3911 formas
1247 3823 1362 3903 tribuo,

151 3947 287 4012 quarum
312 3935 427 3990 neutra
449 3949 506 4012 per
522 3949 555 3990 se
578 3928 670 3992 alteri
688 3927 789 4005 ccdit3
812 3950 886 3992 narn
903 3929 995 4012 quasi
1017 3937 1132 4012 suapte
1150 3938 1263 4015 sponte
1285 3928 1370 3990 inter

150 4026 424 4112 pronuntiandum
446 4030 547 4094 altera
570 4053 609 4094 ex
634 4030 736 4095 altera
764 4031 853 4096 nasci
883 4031 996 4116 potuit.
1041 4051 1116 4094 cum
1145 4030 1369 4095 Palatinarum

149 4130 253 4194 forma
274 4133 315 4195 of.
338 4132 431 4197 Mero.
454 4133 516 4200 982
539 4133 682 4210 ‚Fateor-⁴:
707 4133 828 4217 deliqui
850 4135 1013 4221 profecto‘¹

197 4232 279 4297 Tria.
302 4231 345 4297 60

235 4335 284 4399 A:
305 4334 458 4420 Namque
482 4336 568 4400 enim
591 4346 621 4400 te
644 4336 740 4402 credo
762 4361 814 4403 me
837 4336 1074 4423 imprudentem
1096 4337 1277 4422 obrepseris

236 4437 279 4502 P:
303 4438 454 4527 Namque
477 4440 562 4504 enim
586 4452 621 4504 tu
644 4440 741 4504 credo
763 4441 842 4504 mihi
863 4439 1049 4527 inprudenti
1072 4439 1261 4527 obrepseris.
