3038 5220
731 192 792 267 loc

155 402 287 489 ruptelis
308 403 439 469 demum
462 416 630 471 contextus
645 407 788 472 Plautini
805 406 846 470 ab
862 404 1093 470 hariolantibus
1109 416 1141 470 et
1155 404 1367 471 oscitantibus

153 504 291 571 librariis
306 507 341 571 in
356 529 547 574 scaenarum
562 510 788 595 inscriptiones
803 509 930 574 illatum
953 517 1033 572 esse‘
1055 508 1161 594 ipsum
1183 508 1325 573 codicem
1342 507 1371 572 B

152 608 269 674 docere
302 608 534 674 demonstravit
568 610 809 677 Studemundus
845 612 961 674 emend.
994 611 1098 678 Plorat.
1131 610 1247 696 (1871)
1281 634 1314 698 p.
1340 610 1372 674 5.

150 734 267 777 rerum
300 732 417 777 nomen
449 711 668 799 ,Lysidamus‘
702 736 742 778 ex
770 712 978 778 Ambrosiani
1014 713 1160 798 vestigiis
1188 713 1230 777 ab
1258 713 1371 778 eodem

149 814 356 880 enucleatum
379 816 469 901 est.¹)
513 816 649 881 similem
678 817 845 881 stultitiam
874 815 980 880 scriba
1010 813 1131 878 codicis
1161 815 1277 879 veteris
1300 836 1370 901 pro

148 915 233 980 didit
264 917 298 981 in
334 915 521 982 Gimllariac
560 919 686 983 scaenis
722 917 759 983 ΙΙ
779 919 809 982 2.
831 918 860 986 3.
883 916 934 985 IV
951 919 978 983 1.
994 917 1024 982 2.
1045 915 1078 984 V
1097 916 1130 992 1,
1166 916 1200 979 in
1233 927 1370 1003 quarum

150 1018 266 1084 titulos
293 1040 336 1084 ex
362 1018 551 1102 v.113‚2
586 1021 707 1107 recepit
735 1019 977 1107 ὑποκοριστικόν
1009 1018 1266 1104 ‚Lampadiscus‘
1299 1020 1371 1084 loco

147 1119 220 1186 veri
257 1121 396 1185 nominis
424 1120 636 1208 ,lampadio‘.
693 1145 798 1210 neque
826 1122 930 1208 magis
969 1144 1067 1209 quam
1102 1121 1152 1185 his
1186 1120 1264 1185 locis
1304 1143 1370 1186 cor-

147 1222 286 1288 rectoris
303 1223 472 1288 consilium
489 1224 645 1310 suspicari
669 1223 743 1288 licet
757 1225 789 1288 in
811 1225 897 1288 Trac.
913 1245 957 1287 sc.
970 1222 1009 1288 Π
1027 1225 1056 1304 t,
1079 1224 1112 1286 in
1127 1224 1219 1288 cuius
1240 1223 1370 1288 titulum

148 1348 213 1413 pro
224 1347 302 1391 vero
317 1325 402 1390 servi
419 1325 547 1390 nomine
562 1325 728 1402 ‚Ouamus‘
751 1325 884 1411 inrepsit
899 1326 1016 1403 ,Geta‘‚
1032 1326 1184 1392 videlicet
1199 1347 1241 1391 ex
1258 1350 1288 1390 v.
1307 1325 1370 1392 577

235 1425 338 1491 Iubeo
369 1447 427 1490 vos
465 1426 599 1491 salvere.
631 1429 640 1512 ll
673 1439 781 1492 noster
813 1427 912 1492 Getal
951 1427 1030 1511 quid
1064 1428 1162 1514 agis?
1195 1437 1230 1492 ut
1259 1427 1370 1492 vales?

146 1529 253 1607 abeo,
268 1527 324 1616 qui
340 1529 462 1616 primus
477 1529 607 1594 nomina
623 1531 754 1617 propria
769 1528 1004 1616 superscripsit,
1022 1529 1243 1615 desumptum3
1259 1529 1316 1594 ssd
1332 1551 1370 1594 eo

144 1631 223 1718 ipso
245 1619 435 1695 versunum
459 1630 564 1707 ,Geta‘
593 1653 708 1695 nomen
736 1642 836 1696 metro
859 1644 1039 1716 respuatur,
1061 1655 1123 1696 non
1147 1631 1282 1697 consilio
1312 1631 1370 1696 sed

146 1754 274 1811 errore,
297 1732 338 1798 de
361 1734 454 1797 cuius
481 1733 606 1820 origine
628 1734 808 1800 Schoellius
835 1735 943 1820 (Anat.
966 1735 1070 1798 Phrat.
1096 1757 1127 1820 p.
1156 1738 1194 1800 16
1215 1733 1290 1801 adn.
1312 1734 1492 1822 {lips--

146 1834 345 1921 disputavit,
379 1857 507 1900 versum
535 1846 567 1899 et
596 1835 748 1923 deinceps
776 1858 912 1900 scaenae
934 1835 1064 1900 titulum
1090 1836 1225 1914 invasit3
1259 1858 1370 1902 verum

146 1949 258 2002 autem
285 1958 400 2002 nomen
428 1939 577 2023 quamvis
600 1938 698 2003 variis
728 1939 831 2003 modis
863 1938 1078 2025 depravatum
1106 1938 1222 2024 legitur
1244 1962 1274 2004 v.
1297 1938 1371 2008 583.

145 2038 226 2106 586.
249 2039 321 2107 702.
350 2062 435 2124 quae
462 2041 570 2106 omnia
593 2042 724 2105 minime
750 2063 821 2106 eam
842 2064 940 2126 quam
963 2063 1061 2126 supra
1082 2040 1273 2128 protulimus
1301 2064 1370 2106 sen·

146 2144 283 2209 tentiam
305 2143 346 2207 de
367 2141 591 2208 Palatinarum
614 2145 738 2230 origine
773 2165 813 2208 ex
837 2143 1011 2229 integriore
1045 2144 1134 2207 fonte
1168 2165 1268 2227 quam
1290 2145 1369 2209 Am·

149 2246 293 2312 brosiani
315 2246 491 2331 repetenda
513 2245 694 2334 infringunt
715 2248 767 2313 vel
790 2247 968 2315 debilitant.

237 2347 426 2413 Transimus
455 2349 498 2413 ad
526 2349 621 2414 aliam
651 2372 718 2415 rem
744 2373 819 2415 cum
846 2350 946 2415 eade
974 2370 1040 2433 qua
1069 2349 1194 2436 egimus
1217 2348 1370 2432 quodam·

150 2450 247 2517 modo
280 2453 493 2518 coniunctam.
541 2452 660 2517 etenim
698 2475 771 2517 cum
802 2463 932 2518 actuum
967 2452 1206 2518 distinctionem
1241 2453 1369 2518 codices

149 2556 254 2621 nostri
291 2553 431 2620 habeant
467 2555 605 2633 nullam,
645 2577 836 2621 scaenarum
873 2555 1065 2622 divisionem
1103 2554 1259 2641 praebent
1291 2559 1369 2621 anti·

150 2656 355 2745 quissimam‚
388 2660 508 2747 quippe
542 2682 625 2745 qnae
658 2659 722 2721 iam
749 2659 782 2724 in
810 2658 874 2723 illis
901 2658 1156 2745 exemplaribus,
1191 2657 1307 2747 quibus
1335 2659 1369 2722 in

149 2760 331 2826 actionibus
360 2762 533 2827 utebantur
560 2760 745 2838 histriones,
775 2761 923 2825 instituta
950 2783 1020 2826 esse
1048 2760 1214 2838 debuerit3
1240 2761 1369 2848 dequo

148 2862 225 2927 vide
256 2884 339 2947 quae
373 2862 571 2929 Ritschelius
608 2864 664 2950 Op.
683 2865 760 2950 phil.
782 2862 822 2927 Π
851 2886 881 2949 p.
904 2863 967 2930 366
1004 2863 1191 2948 disputavit.
1242 2864 1276 2928 in
1304 2886 1370 2950 qua

148 2963 237 3052 quod
265 2987 380 3050 parum
416 2978 520 3031 certas
549 2989 677 3030 normas
707 2964 895 3031 observatas
931 2987 1002 3030 esse
1031 2966 1198 3044 videmus,
1231 2966 1307 3031 inde
1335 2966 1368 3031 ni

146 3067 243 3133 fallor
259 3069 506 3154 explicationem
522 3069 666 3134 habetet
688 3069 944 3150 excusationem3
969 3092 1043 3133 nam
1068 3091 1141 3135 cum
1164 3091 1205 3134 ex
1229 3068 1366 3155 singulis

146 3170 351 3257 singularum
386 3169 570 3237 fabularum
605 3170 846 3257 exemplaribus
884 3169 926 3234 ab
964 3171 1172 3238 histrionibus
1214 3170 1367 3236 adhibitis

147 3294 266 3358 corpus
299 3273 537 3340 comoediarum
570 3274 795 3340 Plautinarum
831 3297 894 3338 non
928 3285 1003 3339 ante
1032 3273 1189 3341 Varronis
1227 3282 1366 3339 aetatem

146 3374 300 3440 cossatum
324 3374 380 3453 sit,
409 3375 592 3441 mirandum
620 3399 684 3440 non
712 3386 762 3440 est
798 3376 887 3463 ¹quod
915 3399 980 3441 non
1002 3377 1044 3441 ad
1072 3387 1176 3442 certas
1199 3377 1288 3462 leges
1310 3398 1368 3464 per

146 3488 251 3543 totum
274 3477 355 3541 illud
378 3499 495 3564 corpus
525 3499 661 3542 scaenae
684 3479 843 3544 discretae
865 3488 957 3561 sunt,
986 3478 1084 3543 immo
1113 3488 1207 3566 prout
1229 3479 1367 3566 quiaque

146 3579 352 3646 dominorum
374 3602 511 3667 gregum
528 3580 747 3645 commoditati
766 3580 957 3645 histrionum
975 3602 1117 3668 suaeque
1134 3580 1366 3647 consulendum

146 3705 218 3748 esse
246 3680 477 3760 arbitrabatur,
513 3682 698 3768 diligentius
725 3682 989 3769 neglegentiusve
1030 3681 1149 3768 singuli
1184 3685 1217 3747 in
1240 3683 1366 3747 scaenis

146 3784 385 3872 distinguendis
408 3806 538 3872 operam
558 3784 807 3848 collocaverunt.
851 3805 956 3871 neque
979 3783 1083 3869 magis
1102 3783 1163 3848 hoc
1184 3785 1366 3870 urgendum

147 3897 207 3964 est,
241 3888 328 3974 quod
358 3910 397 3951 ne
430 3886 465 3951 in
493 3887 629 3973 singulis
660 3886 789 3973 quidem
818 3886 990 3951 comoediis
1021 3900 1221 3951 constantem
1247 3886 1366 3975 ubique

148 3990 368 4077 distinguendi
403 3988 667 4055 consuetudinem
705 4000 844 4054 statuere
884 4010 1068 4075 possumus3
1106 4010 1247 4075 namque
1279 3987 1367 4076 quod

232 4250 252 4312 ¹)
270 4243 394 4313 Liquide
405 4244 458 4300 hoc
470 4244 532 4298 loco
546 4245 753 4298 demonstratur
768 4243 882 4299 nomina
898 4243 1013 4314 propria
1023 4261 1080 4299 non
1092 4244 1247 4312 antiquitus
1259 4245 1365 4298 scaenis

148 4331 341 4400 superscripta
360 4330 456 4396 luisse,
481 4330 530 4383 sed
552 4347 569 4382 a
586 4329 777 4398 grammaticis
794 4328 905 4382 demum
923 4346 956 4382 cx
975 4327 1044 4398 ipsis
1062 4328 1189 4382 versibus
1207 4330 1320 4398 cognita
1337 4334 1366 4383 et

147 4414 255 4470 scaenis
272 4415 432 4484 praeposita
449 4430 517 4468 esse.
