3038 5220
651 223 851 327 „rsa—

144 441 208 510 est,
242 430 311 495 iure
339 431 407 494 solo
429 432 495 496 fere
518 431 551 494 in
575 431 807 508 Ambrosiano,
837 431 957 517 quippe
984 430 1040 514 qui
1067 439 1172 495 aetate
1193 430 1363 497 Palatinos

143 535 238 621 longe
259 543 435 619 superaret,
459 533 520 597 nisi
543 544 627 611 sunt,
651 534 706 618 qui
730 543 909 611 contextae,
941 555 1037 617 quem
1061 545 1187 611 vocant,
1218 532 1364 599 Plautini

144 636 358 701 constituendi
374 658 505 722 operam
522 647 741 723 susceperunt.
776 659 862 700 nnnc
875 647 1046 724 postquam
1062 635 1230 701 Palatinos
1242 637 1362 722 potius,

144 739 203 803 etsi
237 749 340 803 aetate
374 739 468 826 longe
502 739 669 804 inferiores
702 738 936 816 Ambrosiano,
970 761 1005 803 re
1038 760 1115 803 vera
1144 738 1291 824 proxime
1321 739 1364 805 ab

143 839 319 927 archetypo
342 841 487 928 principe
509 841 621 907 abesse
643 841 841 907 intellectum
864 851 922 919 est,
952 841 1140 906 immutetur
1161 864 1292 907 necesse
1315 852 1365 906 est

143 942 377 1022 reticentiae,
407 967 504 1029 quarn
532 944 692 1032 huiusque
716 944 853 1008 editores
877 944 978 1010 secuti
1005 954 1094 1010 sunt:
1128 967 1198 1030 pro
1220 944 1366 1010 funda·

144 1056 272 1110 mento
307 1047 404 1110 artis
438 1046 607 1112 criticae
640 1050 679 1112 in
711 1047 861 1112 Plauto
900 1047 1151 1113 exercendae
1183 1047 1364 1112 Palatini

144 1146 318 1213 habendi
341 1159 440 1215 sunt.
485 1148 696 1215 Ambrosiani
718 1172 793 1215 vero
817 1151 989 1215 auctoritas
1020 1170 1080 1214 non
1104 1148 1308 1214 mediocriter
1329 1149 1365 1214 in

143 1250 327 1316 universum
351 1252 571 1317 imminuenda
594 1253 726 1338 eiusque
750 1252 916 1330 lectiones,
944 1255 1005 1318 etsi
1033 1263 1166 1339 propter
1192 1263 1365 1318 rectracta-

144 1353 277 1431 tionem‚
305 1376 402 1437 quam
425 1353 454 1418 P
475 1377 603 1439 quoqne
631 1357 776 1442 perpessi
799 1366 890 1432 sunt,
922 1355 1041 1443 ubique
1070 1355 1308 1442 comparandae
1331 1367 1365 1420 et

143 1455 371 1542 ponderandae
393 1468 477 1538 sunt,
501 1481 541 1523 ne
564 1458 701 1523 calidius
718 1459 801 1523 inter
817 1458 988 1524 Plautinas
1011 1458 1219 1544 recipiantur,
1242 1481 1365 1543 magna

143 1559 249 1623 cautio
279 1557 463 1624 adhibenda
493 1573 556 1640 est3
591 1562 739 1627 omnibus
769 1573 877 1626 autem
898 1561 992 1642 locis,
1023 1560 1141 1644 quibus
1170 1560 1362 1646 dignitatern

143 1684 274 1748 prorsus
289 1683 427 1745 aequam
439 1676 471 1727 et
485 1686 595 1749 parem
611 1665 833 1729 recessionum
850 1664 1026 1751 scripturas
1045 1661 1191 1728 obtinere
1207 1663 1360 1742 vidimus,

142 1764 224 1828 ratio
252 1763 340 1829 iubet
368 1787 432 1829 non
463 1764 596 1844 codicis,
630 1766 686 1851 qui
714 1768 795 1831 forte
824 1765 979 1833 vetustior
1009 1777 1146 1832 aetatem
1176 1766 1264 1845 tulit,
1305 1767 1362 1832 sed

143 1867 239 1931 fontis
262 1866 303 1932 ab
326 1866 502 1955 archetypo
523 1868 669 1954 principe
692 1869 837 1954 proxime
861 1867 1018 1946 distantis,
1043 1891 1120 1955 ergo
1139 1868 1365 1934 Palatinorum

143 1969 336 2056 scripturam
363 1969 480 2034 Plauto
509 1971 642 2036 restitui.
686 1971 718 2035 in
747 1993 810 2056 quo
837 1993 901 2035 non
924 1974 1110 2056 negaverim
1135 1973 1218 2047 sore,
1249 1981 1286 2037 ut
1309 1971 1364 2036 ali·

143 2072 291 2155 quotiens
314 2095 354 2136 ex
369 2072 526 2138 Palatinis
545 2074 743 2139 adulterinae
758 2075 937 2160 scripturae
954 2074 1160 2160 recipiantur,
1183 2074 1241 2139 sed
1258 2074 1365 2139 eidem

144 2175 243 2239 errori
266 2173 400 2240 subiecti
416 2188 500 2254 sunt,
523 2178 578 2261 qui
593 2176 802 2243 Ambrosiani
824 2199 970 2242 normam
985 2189 1174 2261 sequuntur,
1197 2188 1229 2241 et
1245 2177 1363 2242 rationi

145 2277 275 2342 criticae
296 2277 378 2343 illud
401 2279 506 2365 magis
529 2303 626 2366 quam
648 2281 710 2346 hoc
732 2280 891 2348 convenit.

231 2381 394 2464 Alterum,
425 2383 511 2470 quod
534 2383 568 2448 in
597 2384 656 2449 hac
679 2383 948 2450 commentatione
977 2383 1261 2450 demonstrandum
1286 2385 1366 2452 mihi

144 2485 308 2570 proposui,
331 2486 393 2550 hoc
408 2498 466 2565 est,
489 2486 700 2564 diversitates,
724 2509 807 2574 quae
828 2486 913 2552 inter
928 2486 1129 2551 recensiones
1152 2495 1275 2563 extant,
1300 2509 1364 2552 non

146 2585 255 2651 deberi
279 2588 338 2651 soli
353 2588 483 2675 ingenio
499 2600 667 2654 auctorum
683 2591 915 2668 recensionum,
932 2589 1050 2654 nedum
1066 2590 1365 2674 grammaticorum,

144 2691 201 2755 sed
224 2690 265 2756 ab
294 2693 461 2777 utriusque
490 2693 684 2759 recensionis
711 2694 896 2759 auctoribus
923 2690 1051 2758 fabulas
1073 2690 1243 2756 Plautinas
1267 2691 1366 2756 etiam

145 2795 322 2860 secundum
347 2796 547 2882 exemplaria
570 2797 717 2874 histrico,
747 2818 830 2881 quae
858 2796 897 2860 iis
919 2804 1047 2884 praesto
1070 2803 1173 2875 erant,
1204 2805 1367 2859 correctas

144 2923 225 2966 esse.
261 2901 348 2988 quod
371 2914 407 2968 ut
429 2912 609 2990 appareret,
632 2899 794 2985 profectus
809 2921 880 2963 sum
903 2921 923 2962 a
940 2897 1037 2962 Stichi
1059 2895 1204 2962 versibus
1225 2897 1365 2981 48—57,

146 3029 226 3091 quos
249 3007 313 3070 iam
329 3004 528 3070 Ritschelius
551 3001 677 3066 relictos
701 3023 769 3065 esse
792 3001 881 3065 etali
905 3000 1089 3065 recensione
1113 2999 1209 3065 huius
1224 2998 1367 3079 fabulae,

145 3132 211 3196 qua
232 3131 335 3175 novae
358 3109 477 3173 actioni
506 3106 673 3172 scaenicae
702 3103 868 3191 aliquanto
895 3115 967 3190 post
988 3103 1098 3168 Plauti
1126 3110 1264 3168 aetatem
1293 3124 1367 3168 con-

146 3214 314 3290 suleretur,
338 3211 486 3277 coniecit.
507 3211 562 3296 qui
586 3231 658 3274 cum
680 3209 712 3272 in
735 3209 769 3273 A
791 3229 852 3272 non
877 3206 1026 3292 legantur
1047 3228 1152 3291 neque
1174 3205 1272 3270 deleti
1295 3228 1367 3272 esse

145 3316 235 3381 credi
262 3316 401 3401 possint,
435 3315 596 3380 undenam
624 3313 657 3377 in
685 3311 812 3376 codices
841 3320 1073 3396 pervenerunt,
1107 3309 1135 3374 si
1163 3332 1205 3374 ex
1233 3307 1368 3374 histrico

146 3418 323 3505 exemplari
346 3418 465 3483 actioni
488 3416 534 3481 illi
557 3424 742 3501 comparato
764 3412 805 3478 ab
828 3422 959 3479 auctore
981 3411 1177 3477 recensionis
1193 3410 1364 3484 Balatinae

146 3523 180 3586 in
203 3521 371 3607 exemplar
393 3519 479 3608 quod
495 3516 686 3584 conficiebat
707 3539 761 3581 eos
776 3516 948 3581 translatos
965 3539 1035 3582 esse
1059 3538 1122 3580 non
1134 3513 1367 3582 concedimus?

147 3624 189 3690 ad
212 3623 356 3689 eiusdem
377 3623 505 3710 generis
526 3622 648 3686 fontem
671 3643 745 3686 oum
769 3619 858 3698 inP,
879 3629 949 3684 turn
971 3621 1004 3683 in
1026 3619 1060 3684 A
1082 3617 1191 3704 plures
1213 3638 1367 3682 veranum

146 3728 244 3793 series
260 3727 366 3791 redire
383 3726 618 3791 demonstrasse
630 3725 706 3788 mihi
719 3723 839 3789 videor.
864 3721 980 3786 deinde
995 3721 1196 3809 singulorum
1212 3742 1366 3786 versuum

147 3830 293 3917 duplices
316 3831 455 3906 fortnas,
486 3850 565 3915 quas
590 3827 622 3890 in
645 3849 710 3892 una
733 3825 909 3910 eademque
938 3823 1123 3889 recensione
1147 3821 1200 3888 hic
1221 3821 1289 3886 illic
1313 3843 1368 3885 ex-

147 3942 252 3997 tantes
276 3929 579 4017 ‚interpolatoribus‘
608 3929 793 4015 posterioris
815 3930 937 3994 aetatis
965 3925 1147 3992 tribuerunt
1176 3925 1238 3990 viri
1268 3923 1367 4003 docti,

147 4035 189 4100 ad
211 4033 382 4100 histriones
405 4057 466 4120 ego
487 4033 605 4098 rectius
628 4042 664 4097 ut
685 4033 798 4119 opinor
821 4030 925 4098 retuli.
960 4029 1047 4096 unde
1068 4028 1150 4094 ratio
1171 4025 1305 4094 iubebat
1326 4048 1366 4092 eo

147 4162 205 4204 nos
216 4137 378 4226 progredi,
390 4147 427 4203 ut
439 4138 534 4202 etiarn
546 4135 602 4202 ubi
615 4136 717 4200 altera
733 4133 876 4199 recensio
895 4155 1005 4197 versus
1021 4135 1159 4196 formam
1176 4129 1216 4194 ab
1233 4129 1369 4194 alterius

148 4240 304 4308 memoria
331 4264 463 4327 prorsus
491 4239 653 4305 diversam
683 4234 873 4323 praebebat,
901 4236 984 4300 inter
1007 4257 1087 4322 quas
1115 4243 1189 4299 utra
1212 4230 1369 4298 Plautina

149 4356 233 4411 esset
255 4342 425 4408 diiudicari
446 4364 510 4406 non
532 4339 894 4430 posset‚jdiversitatem
910 4358 951 4401 ex
972 4336 1112 4401 histriois
1128 4331 1368 4420 exemplaribus

142 4446 306 4537 ‘originem
329 4446 460 4514 duxisse
482 4443 675 4511 crederetur.
720 4440 858 4528 denique
885 4441 999 4528 ingens
1027 4438 1199 4506 multitudo
1220 4436 1368 4504 differen-
