3038 5220
727 272 747 336 3

633 363 835 375 ——un———t

124 477 318 542 invasissent
349 500 470 565 pravae
498 479 697 565 scripturae,
731 499 785 542 eas
814 478 881 540 fere
908 496 1018 539 omnes
1051 472 1243 562 repetendas
1278 494 1346 538 esse

125 591 182 646 aut
215 603 255 645 ex
288 580 494 646 librariorum
528 581 689 647 erroribus
723 589 779 644 aut
812 600 852 643 ex
886 577 1016 664 propria
1045 589 1161 642 natura
1190 575 1345 641 sermonis

125 682 283 765 Plautini,
314 685 369 771 qui
400 683 530 769 linguae
568 684 748 748 cotidianae
780 680 1044 746 consuetudinem
1078 679 1205 744 dicendi
1238 679 1348 744 laxam

127 797 160 850 et
182 787 276 870 quasi
292 787 458 852 remissam
482 785 625 850 imitatus
647 785 798 850 facillime
820 783 969 848 librarios
990 781 1163 870 pelliceret,
1191 792 1227 846 ut
1248 780 1348 847 verba

127 887 311 951 omitterent
334 887 488 950 adderent
511 896 756 973 transponerent
777 887 860 950 inter
876 907 909 949 se
925 894 1104 961 mutarent3
1127 883 1349 949 Palatinorum

93 978 95 982 ⁵
127 1000 233 1054 autem
264 999 430 1077 praeterea
459 1011 524 1053 non
551 1010 656 1075 pauca
682 988 762 1052 vitia
789 988 863 1052 inde
892 996 969 1051 nata
997 1008 1082 1064 esse,
1111 985 1198 1070 quod
1225 985 1348 1051 librarii

127 1092 249 1156 litteras
278 1091 421 1155 unciales
452 1091 485 1154 in
512 1090 709 1155 minusculas
737 1112 836 1177 prave
864 1088 1139 1175 transcripsissent
1166 1089 1218 1153 vel
1244 1110 1349 1153 exem·

129 1193 272 1280 pleribus
294 1193 379 1256 male
402 1192 518 1256 habitis
541 1203 573 1257 et
595 1193 756 1256 lacunosis
778 1193 829 1257 usi
851 1201 968 1258 essent.

215 1294 268 1358 Sic
291 1296 347 1381 qui
368 1294 544 1378 iudicabat,
569 1295 709 1361 debebat
724 1295 867 1382 profecto
884 1295 1069 1380 antiquitati
1087 1293 1236 1359 codicum
1252 1315 1349 1380 quam

128 1397 300 1485 plurimum
316 1398 467 1475 tribuere,
489 1418 562 1462 cum
578 1400 609 1462 in
627 1400 883 1485 antiquissimum
897 1398 1041 1462 codicem
1059 1396 1201 1461 omnium
1222 1398 1351 1462 minime

129 1501 208 1565 tales
235 1501 439 1565 librariorum
473 1523 596 1566 errores
631 1501 788 1564 invasisse
822 1511 1072 1565 consentaneum
1101 1512 1194 1564 esset.
1243 1501 1351 1586 itaque

131 1603 323 1667 Ritschelius
340 1605 456 1667 rationi
473 1625 604 1689 prorsus
621 1603 858 1680 convenienter,
874 1625 951 1666 num
968 1601 1134 1667 Palatinae
1149 1602 1349 1666 recensionis

131 1704 325 1789 archetypus
340 1706 413 1790 pari
425 1704 477 1769 vel
491 1706 573 1770 adeo
589 1708 709 1772 maiore
721 1707 862 1771 bonitate
878 1703 1016 1791 quamA
1031 1705 1137 1781 fuerit,
1153 1703 1233 1768 nihil
1244 1702 1353 1768 valere

132 1807 211 1870 dicit
225 1805 267 1870 ad
284 1806 520 1871 emendandum
536 1819 673 1892 poetam,
691 1810 842 1894 quoniam
856 1807 912 1872 illa
923 1804 1077 1887 recensio,
1095 1805 1200 1894 qualis
1212 1828 1232 1870 a
1244 1828 1352 1871 saecu·

127 1906 235 1972 lorum
249 1907 396 1973 sordibus
412 1908 515 1974 libera
525 1910 600 1974 olim
616 1910 721 1994 fuerit,
734 1934 819 1976 nunc
834 1911 1069 1997 repraesentari
1085 1921 1238 1996 nequeat;
1256 1912 1354 1972 immo

133 2009 353 2074 Ambrosiano
375 2009 480 2074 codici
501 2023 633 2097 propter
647 2024 786 2077 aetatem
800 2015 1030 2098 praestantiam
1046 2010 1181 2075 bonitati
1196 2011 1352 2075 vicariam

132 2109 383 2175 adiudicandam
400 2133 478 2193 esse,
505 2112 690 2198 ubicunque
706 2115 778 2199 pari
795 2114 937 2179 bonitate
955 2116 1018 2176 sint
1039 2113 1259 2199 discrepantes
1272 2113 1354 2177 inter

66 2225 68 2229 ’
132 2232 168 2275 se
183 2214 361 2299 scripturae
377 2213 475 2299 (Prot.
492 2213 605 2278 LXlll
623 2237 725 2301 sq.=
740 2216 797 2301 Op.
809 2216 862 2301 pb.
879 2214 910 2281 V
926 2214 1014 2296 322).
1052 2214 1170 2279 deinde
1185 2237 1228 2278 ex
1243 2214 1354 2279 eodem

134 2314 302 2380 Bitschelii
319 2314 438 2380 iudicio
453 2315 556 2380 altera
572 2338 699 2403 quoque
719 2317 774 2382 lex
791 2318 869 2381 artis
885 2318 1016 2381 criticae
1031 2315 1235 2381 exercendae
1251 2314 1354 2399 fluxit,

134 2439 232 2503 quam
255 2418 315 2481 etsi
338 2419 407 2504 ipse
430 2439 605 2504 numquam
628 2420 715 2503 quod
729 2421 830 2483 sciam
853 2418 980 2482 disertis
1003 2418 1111 2483 verbis
1127 2416 1355 2505 promulgavit,

134 2513 243 2584 tamen
270 2541 385 2607 reapse
413 2521 447 2584 in
479 2521 652 2585 comoediis
680 2521 813 2586 edendis
845 2534 972 2586 secutus
1001 2533 1057 2586 est.
1107 2522 1225 2586 etenim
1253 2519 1364 2585 sicubi⁴

136 2622 370 2687 Ambrosianus
387 2645 515 2687 versum
533 2623 575 2688 ab
591 2625 678 2688 omni
693 2637 785 2711 perte
802 2625 963 2709 integrum
980 2622 1164 2704 exhibebat,
1189 2624 1222 2686 in
1238 2622 1264 2686 P
1279 2643 1357 2687 vero

136 2723 239 2789 altera
254 2722 347 2789 lectio
364 2745 467 2810 aeque
483 2723 567 2789 bona
584 2725 725 2807 extabat,
748 2747 831 2812 quae
848 2747 952 2811 neque
969 2745 1047 2788 casu
1062 2736 1132 2789 orta
1148 2736 1216 2789 erat
1241 2745 1357 2810 neque,

138 2837 172 2890 ut
186 2825 362 2890 Ritschelio
385 2825 565 2908 videbatur,
589 2826 870 2913 interpolationem
892 2825 1074 2904 redolebat,
1097 2827 1266 2911 spinosum
1289 2841 1358 2892 erat

138 2948 258 3013 negare
294 2927 449 2992 utramvis
479 2950 591 2992 versus
630 2930 766 2993 formam
799 2927 985 2992 Plautinum
1020 2949 1089 2992 esse
1124 2949 1218 3014 posse
1251 2950 1359 3015 nsque

81 3117 83 3120 Α
137 3028 232 3093 facile
248 3028 504 3116 perspiciebatur
526 3041 598 3094 utra
615 3030 735 3096 maiore
753 3054 825 3097 curn
847 3034 915 3095 iure
931 3032 1158 3117 reciperetur..
1178 3030 1238 3096 bac
1260 3031 1360 3115 igitur

140 3133 384 3196 ratiocinatione
412 3131 605 3196 Bitschelius
633 3155 731 3220 saepe
760 3133 919 3198 adductus
953 3145 1014 3214 est,
1049 3145 1083 3196 ut
1117 3155 1159 3197 ex
1192 3133 1359 3216 utriusque

139 3234 332 3298 recensionis
355 3234 543 3298 testimoniis
566 3236 600 3298 in
621 3258 719 3299 unum
743 3235 892 3300 conflatis
914 3234 1022 3299 Plauti
1050 3234 1151 3299 verba
1178 3234 1360 3322 reciperare

139 3335 294 3419 studeret,
324 3337 359 3400 id
387 3334 472 3422 quod
503 3338 626 3402 ratione
654 3338 873 3415 dissuadetur,
902 3338 959 3402 ubi
986 3337 1125 3422 primum
1149 3347 1360 3403 correctorem

140 3438 302 3523 quendam
319 3440 351 3502 in
368 3438 471 3503 altera
486 3441 672 3505 recensione
687 3463 746 3505 sua
762 3441 864 3506 verba
878 3438 1033 3503 Plautinis
1044 3439 1173 3525 saepius
1186 3439 1362 3505 subiecisse

140 3541 304 3626 cognitum
321 3551 378 3604 est.
410 3550 444 3604 ut
459 3563 565 3627 pauca
579 3542 730 3629 exempla
745 3542 801 3607 sed
818 3562 857 3606 ea
879 3541 957 3604 satis
978 3538 1202 3604 memorabilia
1216 3539 1361 3619 afferam,

130 3664 213 3707 cum
235 3643 304 3706 Mil.
322 3643 397 3728 plor.
415 3641 457 3706 24
480 3644 512 3707 in
527 3643 562 3707 A
577 3655 665 3709 extet
685 3642 810 3732 ,[estur]
835 3645 983 3707 insanum
1006 3642 1109 3724 bene‘,
1132 3643 1164 3706 in
1181 3641 1254 3707 Pet
1275 3643 1362 3730 apud

140 3743 318 3809 Varronem
337 3747 383 3810 de.
400 3745 420 3807 l.
437 3746 457 3808 l.
474 3744 541 3811 Vll
559 3746 601 3813 86
624 3759 722 3831 ,estur
742 3748 854 3824 insane
871 3745 974 3822 bene‘‚
992 3744 1197 3829 Ritschelius,
1222 3768 1261 3810 ne
1284 3745 1363 3832 quid
1406 3797 1408 3801 .

106 3891 110 3901 ·
140 3867 182 3910 ex
204 3844 312 3918 verbis
335 3847 368 3910 in
392 3844 559 3911 codicibus
581 3847 708 3912 traditis
732 3849 850 3935 periret
873 3848 948 3934 (Op.
964 3848 1018 3934 pb.
1034 3846 1088 3911 Ill
1111 3847 1203 3934 791),
1227 3859 1363 3935 utraque

140 3949 301 4036 scriptura
330 3948 464 4013 confusa
493 3948 594 4013 edidit
621 3951 782 4031 ,insanum
810 3952 922 4015 insane
947 3949 1047 4016 bene‘.
1092 3960 1203 4035 postea
1234 3949 1363 4015 demum

140 4072 254 4117 verum
276 4049 448 4116 adsecutus
471 4061 520 4116 est
541 4051 617 4137 (Op,
629 4053 683 4138 pb.
704 4052 755 4117 lll
778 4053 865 4138 789).
909 4053 1006 4116 etiam
1029 4053 1161 4136 gravius
1184 4062 1248 4131 cst,
1278 4051 1365 4139 quod
1470 4067 1473 4072 ’

142 4153 234 4222 Stat.
258 4152 320 4220 632
351 4175 464 4219 versus
493 4156 527 4218 in
560 4156 801 4220 recensionibus
834 4175 931 4240 quam
965 4152 1107 4218 maxime
1140 4152 1361 4241 discrepantes

183 4257 233 4321 A:
321 4303 413 4324 .....
425 4269 519 4322 erunt
541 4256 704 4322 Gelasime
727 4256 802 4322 vide
824 4279 910 4320 nunc
934 4255 1046 4320 consili
1070 4302 1078 4318 .
1102 4308 1108 4323 .
1131 4278 1193 4321 ano
1215 4266 1310 4344 opust

183 4358 228 4424 P:
250 4357 365 4424 Iamne
386 4358 507 4424 abisti?
531 4358 694 4424 Gelasime
718 4359 801 4443 vide,
827 4359 905 4446 quid
928 4381 961 4424 es
984 4371 1137 4447 capturus
1161 4358 1286 4424 consilii

142 4465 188 4529 sic
212 4450 461 4530 contaminavit:

1178 4579 1214 4634 1*
