3038 5220
658 244 766 341 „ss

791 334 845 342 .—

138 450 202 515 259
224 449 268 513 P:
293 448 514 533 Ascendi¹)
536 448 570 512 in
592 447 734 514 lembum
757 464 854 531 atque
877 448 917 512 ad
942 470 1057 513 navem
1083 448 1285 515 advehor

144 552 208 617 260
293 552 406 634 Atque
429 572 502 637 ego
525 550 678 639 illi[e]²)
701 549 824 638 aspicio
845 550 948 614 forma
971 572 998 613 e.
1021 572 1052 637 q.
1075 572 1101 615 s.

140 667 175 719 ut
198 654 335 741 exiguas
359 653 560 717 diversitates
589 654 728 739 primum
751 652 973 737 expediamus,
1001 652 1050 715 lic
1070 652 1105 716 in
1129 674 1164 717 v.
1189 650 1264 719 256
1287 652 1374 719 inter·

141 756 285 840 polatum
308 767 370 833 est3
392 756 424 819 in
448 779 478 822 v.
492 756 556 820 259
579 756 669 821 initio
691 755 777 842 quod
800 754 832 818 in
855 754 887 819 A
911 775 1063 839 praesens
1085 764 1226 841 tempus
1251 752 1373 843 legitur,

139 869 262 923 rectum
285 868 348 937 est;
370 870 478 923 utrum
501 870 610 923 tamen
639 860 766 922 carendo
794 880 835 921 an
858 860 997 921 inscendo
1023 856 1164 923 Plautus
1192 858 1373 947 scripserit,

139 960 309 1025 diiudicari
336 960 457 1044 nequit.
501 961 580 1024 illud
603 958 703 1025 habes
731 962 814 1025 Rrul.
844 960 917 1023 326.
946 958 1027 1043 5383
1056 960 1118 1025 hoc
1149 962 1282 1027 Bacch.
1305 962 1372 1027 2'l'l.
1438 962 1441 967 ’

140 1063 209 1126 Mil.
223 1062 299 1147 plor.
317 1062 387 1125 116.
415 1062 496 1125 Rus.
517 1062 595 1139 5033
618 1064 894 1127 normandorum.
917 1062 989 1128 931.
1005 1062 1079 1127 946.
1103 1062 1193 1129 Rud.
1221 1064 1283 1133 63·
1306 1064 1375 1131 iul’

139 1164 290 1229 librarius
319 1175 356 1229 ut
379 1166 508 1228 aaran
536 1164 705 1243 scriberet,
739 1187 776 1230 eo
803 1164 962 1229 adductus
990 1176 1055 1243 est,
1088 1165 1181 1249 quod
1206 1166 1247 1232 in
1275 1180 1375 1233 ments

139 1267 279 1332 habebat
311 1270 353 1330 od
381 1288 503 1350 nacem3
544 1268 584 1331 de
614 1290 678 1352 quo
711 1265 966 1351 corruptelarum
992 1287 1112 1353 genere
1142 1268 1187 1331 cf.
1220 1266 1376 1357 Spengel,

140 1370 439 1457 Resormeorselrdtpe
472 1392 503 1454 p.
534 1370 596 1435 198
623 1369 696 1439 adn.
718 1370 747 1438 2.
791 1368 878 1451 quod
905 1368 947 1431 ad
969 1367 1138 1455 graviores
1163 1367 1377 1437 diversitates

141 1473 271 1554 attinet,
312 1486 448 1556 utroque
483 1471 553 1537 loco
585 1471 736 1537 (loctaius
770 1470 953 1535 auctoritati
985 1469 1203 1536 Ambrosiani
1245 1472 1377 1559 obsequi

141 1598 238 1663 quam
261 1576 388 1662 integro
411 1573 529 1639 iudicio
552 1574 598 1638 uti
621 1574 741 1642 maluit.
787 1596 926 1657 namque
951 1582 985 1637 ut
1007 1574 1035 1637 ei
1059 1572 1267 1659 largiamur,
1297 1576 1377 1663 quod

141 1678 230 1743 nullo
265 1691 360 1763 pacto
382 1675 586 1763 largiendum
614 1688 673 1757 est,
709 1688 855 1742 neutram
890 1676 1083 1763 scripturam
1115 1696 1249 1761 perse
1290 1680 1378 1745 alteri

143 1780 268 1857 cedere,
303 1790 389 1843 certo
423 1778 643 1863 quaerendum
678 1790 759 1861 erat,
805 1790 879 1843 utra
911 1778 1040 1843 facilius
1078 1778 1198 1843 inferri
1238 1782 1380 1867 potuerit

143 1882 346 1970 grammatici
370 1882 490 1946 manu?
535 1882 607 1969 quis
629 1894 736 1946 autem
760 1895 825 1945 tam
848 1903 1001 1968 perverso
1022 1892 1133 1947 utatur
1156 1881 1311 1965 iudicio,
1332 1884 1379 1971 qui

141 1985 388 2072 grammaticum
416 1996 523 2049 tantae
551 1984 717 2049 doctrinae
739 1983 800 2048 sibi
822 1984 933 2070 fingat,
957 1996 991 2049 ut
1014 1984 1049 2047 in
1070 1984 1115 2047 ibi
1136 1984 1333 2055 offenderit
1353 2000 1380 2055 ct

142 2088 370 2153 sententiarum
401 2109 528 2152 conexu
553 2086 683 2173 egregie
720 2107 758 2151 ac
792 2087 953 2169 sagaciter
986 2097 1160 2173 perspecto
1196 2110 1285 2157 cam
1315 2112 1380 2157 con·

143 2192 338 2255 iunctionem
358 2189 512 2275 posuerit,
530 2211 628 2275 quam
649 2187 711 2252 bac
725 2188 938 2253 reconditiore
954 2191 1082 2255 notione
1094 2201 1224 2275 poetae
1242 2202 1380 2273 tantum,

143 2293 290 2378 inprimis
313 2293 468 2369 Plautus,
492 2315 555 2356 non
579 2313 656 2354 sane
679 2291 788 2355 multis
811 2291 888 2355 locis
920 2291 1164 2360 adhibuerunt?
1198 2294 1316 2363 immo
1337 2296 1381 2363 vel

144 2396 252 2460 invitis
275 2394 366 2459 nobis
395 2417 434 2458 ea
456 2417 491 2458 se
518 2392 661 2457 obtrudit
688 2392 886 2471 observatio,
913 2406 947 2459 ut
976 2405 1139 2460 corrector
1170 2398 1277 2465 vocis
1299 2413 1382 2489 atqu

143 2498 342 2586 peculiarem
365 2496 632 2581 significationem
659 2517 722 2558 non
751 2495 938 2581 cognoverit
966 2509 997 2559 et
1021 2496 1159 2561 verbum
1184 2500 1381 2587 vulgarissi-

144 2624 231 2665 mum
254 2601 299 2663 ibi
326 2597 534 2663 substituerit.
581 2596 636 2660 sed
667 2596 815 2661 videmur
844 2597 936 2662 nobis
964 2598 1060 2663 etiam
1090 2599 1225 2683 liquida
1260 2604 1381 2671 ratione

142 2700 352 2766 Ambrosiani
376 2700 570 2786 scripturam
592 2698 788 2783 redarguere
817 2720 921 2784 posse.
965 2698 1162 2764 adhibentur
1186 2704 1289 2771 enim
1313 2728 1380 2773 cum

144 2816 233 2889 atque
247 2812 314 2867 tum
339 2803 383 2865 ibi
396 2816 469 2886 post
484 2800 660 2865 sententias
676 2801 868 2885 temporales
885 2801 936 2865 vel
952 2803 1127 2877 enuntiata,
1153 2825 1250 2888 quae
1271 2830 1378 2873 eamn

143 2905 214 2968 vice
236 2905 433 2989 funguntur,
461 2904 493 2967 in
516 2903 694 2988 apodoseos
723 2902 823 2967 initio.
869 2916 915 2967 est
943 2916 1050 2968 autem
1082 2904 1167 2969 inter
1197 2929 1265 2975 eas
1290 2932 1379 2977 voces

144 3007 206 3071 hoc
229 3006 402 3071 discrimen
425 3029 443 3069 a
466 3005 582 3070 Plauto
612 3004 724 3068 sedulo
746 3004 968 3084 observatum,
1003 3021 1037 3071 ut
1060 3008 1104 3071 ibi
1131 3006 1266 3077 babeat
1290 3012 1379 3101 signi-

146 3109 329 3173 ficationem
352 3130 439 3172 mere
462 3106 682 3191 temporalem,
705 3128 770 3189 quo
792 3109 876 3174 actio
899 3109 1076 3174 sententiae
1098 3112 1333 3183 secundariae
1352 3126 1380 3181 et

144 3209 317 3296 primariae
341 3220 398 3273 aut
413 3210 445 3272 in
469 3209 553 3273 idem
576 3220 702 3293 tempus
720 3208 861 3276 incidere
880 3223 935 3275 aut
950 3212 1051 3276 altera
1066 3210 1172 3276 altera
1188 3218 1379 3285 continuari

145 3324 176 3377 et
199 3314 307 3398 excipi
332 3312 536 3398 indicetur.³)
580 3324 669 3397 otqoe
701 3332 778 3375 vero
811 3336 873 3377 non
910 3334 1017 3377 rernm
1051 3324 1205 3399 tempora
1236 3320 1379 3407 respicit,

145 3417 202 3481 scd
228 3416 349 3479 indicat
371 3414 592 3479 tantummodo
615 3436 682 3477 rem
713 3435 828 3477 novam
852 3428 948 3498 atque
970 3436 1100 3499 prorsus
1122 3414 1380 3505 inexpectatum

149 3531 221 3582 ante
245 3518 345 3604 ipsius
369 3520 528 3581 narrantis
551 3517 661 3583 oculos
684 3517 837 3583 evenisse.
847 3520 874 3603 ⁴)
918 3516 1009 3581 cuius
1036 3516 1267 3588 distinctionis
1292 3524 1380 3613 larga

145 3623 293 3710 exempla
307 3623 342 3686 in
357 3636 509 3708 promptu
524 3631 613 3685 sunt:
636 3621 709 3684 Aul.
728 3617 788 3682 197
811 3617 876 3699 ,ubi
892 3640 1024 3682 manum
1040 3616 1130 3681 inicit
1153 3616 1325 3710 benigne,
1340 3625 1380 3691 ibi

233 3929 253 3992 ¹)
269 3928 384 3981 Ascendi
402 3925 463 3993 cD;
485 3927 586 3980 essendi
603 3925 636 3980 Β.

230 4046 252 4113 ⁹)
269 4048 326 4099 cta
343 4044 407 4113 cm
425 4046 500 4098 ittam
517 4044 550 4099 Β.

233 4166 255 4231 ³)
272 4164 372 4231 ltaque
398 4165 427 4216 in
450 4161 658 4216 narrationibus
677 4177 874 4230 saepenumero
897 4161 941 4215 bis
959 4163 1038 4214 terve
1056 4159 1193 4229 deinceps
1212 4176 1386 4242 mul-pam,

146 4252 178 4302 ut
196 4248 306 4317 singula
323 4248 365 4302 roi
382 4252 510 4300 narratae
527 4250 670 4300 momenta
687 4246 906 4314 distinguantur.

230 4368 252 4432 ⁴)
269 4365 421 4420 Lorsnzius
439 4366 474 4420 ad
492 4366 571 4419 Most.
592 4364 657 4419 1036
674 4367 704 4417 et
721 4363 869 4432 Ussingius
881 4363 997 4433 (11395)
1016 4366 1081 4432 apte
1099 4376 1293 4441 comparant,
1312 4374 1387 4445 quod

145 4450 245 4505 Graeci
262 4450 291 4503 in
309 4449 426 4520 apodosi
443 4449 541 4504 dicunt
558 4446 606 4501 acl
622 4447 666 4502 vel
684 4446 731 4501 sal
748 4444 812 4501 τότε
830 4444 876 4518 δὴ.
