3038 5220
732 251 774 317 54

745 346 752 351 ..
784 344 852 353 --.-

143 456 245 541 (Pros.
268 454 373 518 Plorat.
390 456 465 518 cdd.
488 478 520 541 p.
539 457 593 543 72)
617 480 680 523 non
703 457 809 523 minus
832 456 913 523 bene
936 458 1201 541 demonstravit,
1228 464 1379 549 quemad

145 579 216 622 earn
254 556 486 621 restituendam
531 559 624 623 unice
668 560 839 625 convenire
879 558 1087 627 Fleckeiseni
1143 564 1378 633 conlecturam:

144 660 246 738 ,Satin
268 670 304 725 ut
326 661 430 725 facete
452 682 574 745 aeque
596 673 693 747 atque
714 686 754 729 ex
777 665 905 750 pictura
925 665 1049 729 astitit.‘

229 765 318 831 Most.
342 762 404 828 785
760 767 846 844 hem,
868 766 940 855 quis
964 766 1018 833 hic
1041 768 1203 837 nominat
1228 774 1308 841 me?

185 868 232 931 A:
253 865 321 931 Ero
343 888 455 932 servus
477 867 726 933 multimodis
747 870 865 936 fidus.
887 872 897 953 l
917 870 1004 935 unde
1023 870 1076 939 is?

185 970 228 1034 P:
250 968 318 1035 Ero
340 991 452 1035 servus
475 970 638 1035 multum
662 993 730 1037 suo
751 972 904 1035 fidelis.

145 1076 225 1138 cade
246 1077 273 1137 tr
294 1096 356 1137 om.
379 1073 418 1151 P,
440 1075 547 1161 fidelia
567 1096 629 1140 om.
654 1072 725 1151 OD,
747 1074 889 1139 servavit
912 1073 947 1139 B.
976 1073 1204 1143 Ambrosiani
1230 1080 1377 1157 recensio,

144 1176 265 1263 inqua
295 1186 433 1241 metrum
462 1198 576 1239 sanum
604 1198 667 1241 non
696 1187 760 1253 est,
794 1178 936 1242 numeris
966 1178 1013 1243 sic
1040 1179 1213 1247 facillime
1247 1184 1377 1249 coerceri

143 1280 242 1345 alicui
264 1279 428 1343 videatur:

296 1380 364 1450 Ero
386 1402 495 1445 servos
518 1380 627 1445 multis
649 1380 753 1445 modis
774 1381 868 1447 fidus.
892 1383 900 1467 l
922 1382 1082 1448 andeis?

144 1486 172 1550 si
194 1507 271 1550 vero
292 1484 456 1560 videmus,
484 1485 621 1548 formam
649 1484 836 1547 multimodis
867 1485 975 1549 Bcccl.
997 1484 1060 1549 385
1088 1487 1164 1551 Mil.
1190 1490 1281 1575 plor.
1306 1492 1378 1557 1190

142 1589 228 1652 Pera.
252 1586 314 1650 706
337 1588 455 1670 (neque
483 1596 652 1670 praeterea
680 1586 769 1671 apud
792 1586 946 1653 Plautum
972 1586 1155 1673 invenitur)
1190 1595 1377 1661 coniectura

143 1690 273 1755 demum
294 1698 518 1774 recuperatam
539 1709 619 1765 esse,
649 1710 722 1752 cum
745 1687 866 1752 librarii
884 1688 1107 1755 Palatinorum
1130 1691 1271 1779 ubique
1286 1698 1378 1761 malta

142 1795 241 1857 modas
263 1790 483 1867 exaraverim,
511 1790 652 1874 itemque
682 1790 774 1855 Stielr.
798 1792 861 1857 684
883 1794 1019 1857 omnibus
1038 1796 1141 1859 modia
1162 1796 1205 1861 in
1231 1798 1271 1864 A
1294 1808 1328 1865 et
1346 1800 1377 1877 P,

149 1896 230 1960 Tria
253 1894 314 1959 931
351 1896 436 1957 mirra
468 1895 566 1957 modas
588 1893 742 1978 scriptum
777 1916 844 1958 esse
867 1917 926 1979 pro
959 1899 1156 1973 omnimodis,
1194 1904 1377 1978 mirimodis,

144 2021 227 2083 quae
239 1999 362 2062 formae
380 2006 480 2060 metro
497 1996 712 2079 requiruntur,
728 1996 836 2061 nescio
856 2018 898 2061 an
921 1998 1035 2061 rationi
1053 2012 1242 2085 repugnet,
1268 2005 1377 2093 siquis

143 2101 239 2167 unico
261 2100 339 2181 loco,
363 2097 419 2164 ubi
440 2099 627 2163 multimodis
647 2099 803 2165 traditum
831 2109 895 2177 est,
929 2100 1013 2165 hanc
1038 2103 1184 2168 formam
1224 2110 1377 2176 rariorem

145 2226 186 2268 ex
217 2201 343 2287 vulgari
372 2203 475 2266 multia
503 2203 601 2265 modes
631 2210 815 2286 corruptam
846 2224 916 2267 esse
946 2204 1130 2273 contendat.
1169 2210 1240 2275 sed
1274 2212 1379 2278 redeat

144 2305 244 2369 nihilo
266 2305 372 2369 minus
394 2303 614 2368 Ambrosiana
635 2303 780 2368 recensio
803 2304 844 2367 ad
867 2304 969 2367 multia
1009 2307 1107 2369 modia
1128 2310 1245 2391 fidus.-
1268 2334 1378 2391 nonno,

144 2409 171 2472 si
193 2408 278 2472 hano
293 2407 485 2492 scripturam
509 2428 584 2470 curn
598 2405 821 2471 Palatinorum
843 2407 998 2471 memoria
1019 2409 1151 2473 multum
1163 2413 1283 2496 fideli,
1304 2438 1378 2481 com.

145 2533 312 2597 paramus,
344 2509 416 2594 ipsa
443 2508 592 2594 exempla
621 2530 703 2591 quae
732 2531 830 2593 supra
858 2510 952 2573 attuli
979 2510 1011 2573 in
1040 2510 1316 2583 Ambrosianum
1336 2542 1378 2585 su·

144 2614 320 2700 spicionem
342 2610 596 2696 interpolationis
620 2612 799 2688 conferunt,
828 2614 1018 2698 praesertim
1047 2635 1122 2678 curn
1146 2620 1303 2687 eandem
1324 2622 1378 2689 olo

143 2718 304 2780 cutionem
327 2715 424 2779 etiam
446 2715 485 2791 ei,
514 2714 569 2796 qui
588 2724 660 2798 post
678 2714 791 2777 Bacch.
808 2715 871 2779 507
890 2737 1019 2781 versum
1042 2738 1113 2803 ,ego
1136 2718 1258 2788 istanc
1274 2726 1377 2791 multis

142 2819 280 2883 ulciscar
302 2816 417 2881 modis‘
440 2815 658 2903 interpolavit,
687 2816 846 2902 placuisse
869 2816 1058 2882 videamus?
1086 2818 1144 2902 qui
1171 2843 1262 2891 vero
1285 2828 1377 2892 malti

144 2923 240 2985 ntodia
268 2942 333 2985 non
361 2919 496 2983 credunt
522 2918 726 2983 librariorum
753 2940 860 2983 errore
887 2930 1075 3004 corruptum
1101 2943 1175 2988 esse
1207 2947 1258 2993 ex
1282 2931 1377 2995 multis

143 3025 257 3099 modas,
292 3043 365 3085 cum
392 3019 570 3085 Ritschelio
598 3021 836 3085 Ambrosianae
872 3023 1064 3088 recensionis
1097 3046 1240 3095 versum
1272 3032 1377 3097 addito

143 3149 204 3204 rao,
227 3146 291 3209 quo
307 3145 403 3209 aegre
426 3145 582 3200 caremus,
606 3123 653 3188 sic
674 3124 957 3210 redintegrabunt:

226 3228 293 3293 Ilrd
316 3248 426 3291 servos
448 3225 645 3290 multimodis
670 3227 728 3290 siro
749 3226 843 3292 lidus.
866 3230 874 3313 Ιί
896 3228 982 3292 unde
1004 3227 1055 3295 is?
1069 3228 1096 3314 1)

144 3332 199 3396 sed
220 3353 260 3394 ne
283 3330 364 3394 haec
380 3329 510 3412 quidem
527 3350 638 3392 versus
660 3331 764 3393 forma
779 3330 974 3411 gravissima
990 3330 1169 3397 offensione
1185 3333 1305 3406 libera
1318 3350 1375 3415 ως

143 3433 262 3498 etenim
274 3443 349 3496 ante
362 3453 528 3496 caesuram
548 3431 726 3495 tetrametri
744 3431 910 3497 bacchiaci
923 3434 1057 3499 alteram
1079 3437 1222 3503 secundi
1250 3440 1375 3507 bacchii

143 3535 302 3622 syllabam
334 3535 466 3620 longam
499 3535 532 3597 in
566 3534 647 3598 (luas
676 3533 791 3599 breves
819 3535 904 3599 solvi
927 3545 983 3600 aut
1015 3536 1146 3602 omnino
1176 3560 1246 3625 per
1277 3556 1376 3611 artem

141 3638 327 3704 Plautinum
360 3660 424 3701 non
458 3637 547 3713 licet,
581 3649 636 3701 aut
664 3637 827 3702 rarissime
857 3650 995 3724 apoeta
1022 3638 1203 3706 admissum
1231 3656 1306 3727 est3
1339 3647 1375 3713 of.

143 3740 321 3826 Seyffertus
345 3741 382 3803 de
405 3739 503 3802 bacch.
526 3761 598 3802 cers.
621 3763 676 3802 usu
698 3741 801 3804 Plorat.
825 3764 856 3825 p.
879 3740 937 3819 213
960 3741 1208 3810 Studemundus
1226 3748 1376 3815 Zea‘tsclr.

144 3845 168 3925 f.
186 3846 216 3910 d.
235 3843 358 3930 (lyam.-
367 3843 414 3905 W.
433 3840 561 3906 XVIII
584 3864 615 3926 p.
632 3841 703 3909 539.
749 3843 864 3908 deinde
888 3845 1058 3928 quominus
1080 3847 1277 3917 omninwdu
1299 3855 1377 3919 inter

143 3957 256 4033 poetae
283 3945 384 4010 verba
406 3944 580 4030 recipiatur
602 3944 663 4010 hoc
678 3944 794 4023 obstat,
818 3946 904 4030 quod
928 3968 1001 4012 cum
1016 3944 1124 4011 verbis
1139 3956 1377 4023 tantummodo

227 4135 248 4202 ¹)
266 4131 356 4203 Quam
372 4136 470 4202 postea
486 4133 552 4200 (iad.
570 4134 650 4187 sclol.
663 4133 746 4187 Bona.
764 4134 830 4188 1856
847 4137 903 4203 pl
967 4133 1016 4203 Op.
1028 4132 1076 4187 111
1088 4151 1114 4202 p
1125 4133 1192 4204 344)
1214 4138 1379 4201 lectionem

141 4219 289 4288 proposuit
314 4218 474 4271 multimodis
496 4219 540 4288 qai
563 4219 639 4288 fidus
667 4227 755 4282 anast,
782 4235 817 4271 ex
843 4218 914 4273 falsa
943 4218 977 4272 de
1005 4217 1191 4275 ambrosiani
1231 4230 1380 4300 scriptun

143 4304 274 4373 opinione
303 4302 418 4372 prodiit.
446 4302 542 4357 eadem
566 4303 645 4356 nisus
673 4302 854 4371 Niemeyerus
872 4303 907 4357 de
930 4302 1065 4383 hocloco
1096 4303 1164 4372 egit,
1197 4324 1380 4386 quamquam

143 4387 351 4441 Studemundus
369 4388 426 4440 iam
443 4387 473 4440 in
491 4387 617 4442 emendat.
636 4389 725 4442 Plaut.
743 4388 1004 4457 (1870)p.14a1n.
1022 4389 1040 4443 8
1056 4388 1178 4455 dixerat,
1199 4392 1236 4449 in
1249 4398 1285 4455 A
1303 4400 1381 4457 lm.

139 4470 229 4525 lenter
251 4472 308 4542 legi
326 4472 394 4525 ande
412 4473 442 4525 ia.
