3038 5220
650 304 711 313 *-
729 210 805 313 0-
844 304 851 311 ,

139 444 270 511 prorsus
292 441 417 491 carere,
446 420 666 485 accusativum
689 430 796 483 autem
818 418 896 481 lurra
916 418 998 479 diem
1025 414 1293 483 consuetudine
1329 436 1376 479 ser·

143 527 247 590 monis
269 522 412 587 Plautini
436 522 554 605 requiri
579 521 735 585 ridemus.
779 520 866 603 (ruod
888 529 996 584 autem
1022 516 1215 585 Vahlenus
1240 518 1376 595 dicicin

145 649 184 690 ea
207 625 416 690 collocatione
432 625 602 690 verborum
616 624 683 688 fieri
700 623 813 697 solere,
838 633 873 687 ut
888 642 1003 687 nomen
1020 620 1214 709 pendentis
1231 620 1377 687 enuntiati

143 751 288 793 normam
316 741 482 810 sequatur,
516 726 658 811 respexit
687 726 758 790 illas
791 725 981 801 sententias,
1015 744 1117 811 quae.
1151 724 1256 812 quod
1290 746 1376 789 corre

141 831 304 906 lationem,
322 852 384 894 non
407 843 641 905 attractionem,
664 828 846 903 ostendunt,
868 849 942 892 cum
963 825 1098 911 Epidici
1125 848 1239 894 versu
1264 848 1376 913 compe

144 935 207 998 rari
224 950 404 1018 nequeunt3
428 956 447 995 a
470 932 586 1019 quibus
609 934 636 996 si
652 931 841 1011 recedimus,
864 952 948 994 unus
963 940 1115 1014 superest
1141 952 1177 994 v.
1199 930 1304 995 Most.
1318 930 1376 1007 811,

143 1037 199 1121 qui
231 1039 258 1101 si
292 1036 379 1101 omni
413 1035 596 1119 suspicione
629 1033 710 1098 liber
743 1046 840 1113 esset,
876 1032 938 1097 hoc
969 1043 1096 1096 tantum
1122 1030 1376 1115 demonstraret,

140 1139 291 1204 Plautum
308 1138 451 1224 potuisse
472 1135 613 1201 scribere
637 1137 765 1213 ‚faciam
789 1136 888 1200 huuc
911 1148 946 1199 ut
966 1134 1023 1198 fiat
1045 1134 1178 1217 dies‘;
1206 1134 1274 1201 sed
1298 1134 1377 1201 collo

143 1243 226 1305 catio
248 1241 433 1315 verborum,
457 1239 585 1326 qualern
609 1238 637 1302 P
659 1236 832 1323 praebent,
861 1236 1035 1321 singularis
1056 1258 1141 1301 sane
1166 1259 1291 1327 neque
1313 1236 1377 1303 alibi

143 1344 283 1418 inventa,
307 1343 438 1427 egregie
461 1341 644 1405 detenditur
669 1363 763 1405 versu
785 1338 859 1405 Ter.
882 1341 983 1403 Andr.
1005 1338 1069 1403 378

227 1445 423 1528 Priusquam
451 1453 539 1507 tuom
570 1456 604 1507 nt
638 1464 707 1507 sese
742 1442 859 1507 habeat
892 1443 1036 1506 animum
1063 1440 1108 1505 ad
1141 1444 1296 1529 nuptias
1321 1464 1378 1529 per·

905 1544 1057 1630 spexerit.

144 1654 253 1734 itaque
277 1647 419 1714 Palatini
442 1648 484 1712 ab
511 1648 598 1711 omni
621 1659 711 1732 parte
736 1647 892 1732 probandi
916 1658 1006 1725 sunt;
1034 1668 1144 1731 neque
1170 1648 1321 1715 difficile
1340 1660 1379 1715 ett

144 1753 321 1829 intellectu,
335 1773 399 1838 quo
416 1750 549 1816 consilio
566 1762 678 1814 auctor
694 1750 888 1814 recensionis
900 1748 1142 1815 Ambrosianus
1158 1751 1378 1819 mutationem

144 1856 333 1940 susceperit.
376 1854 601 1919 Palatinarum
639 1852 724 1915 enirn
762 1864 923 1917 structura
963 1874 1039 1916 cum
1072 1852 1305 1921 audientibus
1338 1854 1379 1919 vel

143 1958 325 2044 legentibus
342 1980 406 2021 non
423 1966 532 2042 posset
549 1977 612 2019 non
627 1954 832 2018 incommoda
849 1954 961 2030 videri,
978 1968 1144 2018 corrector
1161 1956 1379 2047 intellegendi

142 2060 290 2125 facilitati
312 2060 356 2123 ita
380 2060 538 2138 subvenit,
564 2069 600 2122 ut
624 2059 722 2121 verba
746 2058 823 2120 bunc
850 2059 972 2121 dieras
996 2056 1161 2121 sententia
1182 2058 1381 2127 intermedia

145 2163 286 2248 pendere
308 2161 440 2245 iuberet,
464 2161 560 2225 simul
581 2159 769 2247 pronomine
799 2159 883 2223 intra
907 2160 1107 2223 enuntiatum
1131 2164 1380 2251 transposito-¹)

229 2263 337 2330 Minus
361 2274 484 2329 certum
507 2277 555 2327 est
576 2262 732 2328 iudicium
753 2261 794 2326 de
819 2260 886 2329 Cas.
908 2260 966 2325 III
988 2261 1018 2339 6,
1044 2262 1084 2327 18

187 2386 236 2451 A:
258 2385 356 2449 tacite
378 2405 475 2449 cena
496 2383 576 2448 mibi
599 2395 632 2447 ut
654 2380 744 2447 ebria
769 2381 810 2444 sit

187 2486 231 2553 P:
253 2488 350 2551 facite
373 2507 506 2550 cenam
527 2484 607 2549 mibi
630 2496 665 2549 ut
686 2484 776 2549 ebria
798 2484 847 2567 sit,

144 2606 198 2672 ubi
237 2616 409 2689 utramque
446 2606 640 2692 scripturam
679 2625 699 2667 a
729 2603 846 2667 Plauto
884 2601 1044 2689 proficisci
1080 2602 1238 2688 potuisse
1271 2606 1380 2675 Stude

145 2708 318 2795 mundus⁸)
351 2707 589 2772 animadvertit.
633 2706 690 2771 sed
719 2706 794 2794 quia
823 2707 879 2769 vix
912 2714 979 2769 tam
1007 2705 1123 2770 scitum
1156 2724 1380 2778 correctorem

144 2811 236 2877 nobis
259 2810 434 2896 fingemus,
463 2820 499 2874 ut
519 2809 629 2874 Plauti
657 2808 888 2874 consuetudine
917 2808 1045 2873 dicendi
1068 2807 1257 2896 diligenter
1281 2814 1381 2881 obser

145 2924 221 2978 vata
242 2914 466 2978 attractionem
488 2912 646 2988 intulerit,
677 2933 750 2977 cum
777 2913 810 2976 in
834 2911 1028 2976 contrariam
1050 2922 1181 2997 partem
1206 2914 1246 2979 in
1269 2926 1381 2983 attrae

145 3017 231 3081 tione
254 3037 327 3080 eum
350 3015 521 3080 offendisse
544 3013 697 3080 credibile
721 3015 778 3093 sit,
808 3013 1018 3080 Ambrosiani
1047 3014 1208 3081 memoria
1237 3020 1381 3107 speciem

145 3117 352 3184 correctionis
373 3117 479 3182 factae
500 3138 578 3203 prae
601 3139 635 3182 se
656 3116 728 3181 fert.

230 3220 458 3288 Correlationis
475 3230 523 3285 est
545 3241 647 3306 genus
668 3218 841 3304 quoddam,
865 3242 928 3304 quo
944 3217 1187 3286 substantivum
1214 3225 1382 3292 sententia

145 3323 281 3389 relativa
314 3345 335 3389 a
367 3322 465 3389 verbo
503 3345 561 3389 suo
598 3324 778 3388 seiunctum
819 3344 929 3387 casum
961 3321 1087 3386 relativi
1120 3321 1254 3405 induit3
1293 3331 1382 3396 cuius

148 3427 296 3512 exempla
318 3426 483 3492 notissima
505 3437 579 3492 sunt
595 3427 708 3512 Amph.
728 3425 810 3491 1009
832 3425 1053 3504 ,Naucratem
1076 3445 1176 3508 quem
1201 3432 1383 3497 convenire

145 3531 247 3608 volui,
270 3533 304 3595 in
326 3531 402 3596 navi
425 3552 488 3594 non
514 3536 611 3607 erat‘3
635 3530 717 3594 Men.
741 3529 803 3594 311
833 3526 1023 3606 ,Nummum
1044 3527 1145 3605 illurn,
1171 3551 1282 3615 quem
1308 3536 1384 3601 mibi

144 3632 317 3720 polliticu's
332 3633 420 3709 dare,
444 3632 556 3697 iubeas
573 3633 742 3717 porculum
765 3632 884 3696 adferri
902 3630 1014 3719 tibist)
1059 3652 1156 3718 quam
1173 3642 1384 3703 structuram

145 3735 356 3801 Ambrosiani
372 3746 531 3799 corrector
542 3736 576 3797 in
594 3758 688 3802 versu
700 3734 854 3801 Pseuduli
870 3734 915 3799 ita
928 3735 1067 3813 sustulit,
1084 3746 1119 3800 ut
1131 3732 1385 3807 substantivum

144 3837 244 3903 verbo
268 3836 543 3903 accommodaret:

234 4062 254 4126 ¹)
271 4059 398 4114 Similem
415 4060 606 4113 recensionem
624 4057 654 4111 in
672 4055 696 4111 P
714 4057 818 4113 factam
834 4060 920 4115 hebes
937 4061 1019 4132 Epid.
1038 4062 1101 4117 235:

334 4144 413 4201 Haec
429 4143 566 4199 vocabula
582 4144 726 4198 auctiones
745 4143 878 4213 subigunt
894 4150 927 4200 ut
945 4147 1049 4200 sacient
1066 4148 1141 4201 viros
1159 4144 1200 4213 A,
1220 4150 1285 4207 viri
1306 4152 1345 4211 P,

229 4252 257 4319 ¹)
274 4248 401 4302 Zeitscltr.
417 4249 440 4318 f.
461 4248 487 4300 d.
508 4246 684 4315 Gyma.-Wes.
702 4245 807 4300 XVIII
825 4265 851 4317 p.
870 4250 928 4302 556.

230 4357 252 4418 8)
270 4352 399 4407 Paetcolt
422 4353 463 4404 Dc
481 4351 526 4404 tat.
551 4367 670 4419 pronam.
693 4349 740 4402 rel.
762 4352 866 4417 syntaxi
884 4354 978 4421 prisco
997 4353 1088 4417 (Vrat.
1114 4352 1193 4420 1813)
1218 4374 1249 4426 p.
1282 4364 1322 4418 18
1349 4380 1387 4433 η,

145 4435 243 4509 Progr.
261 4438 463 4506 Waldenburg.
482 4438 548 4491 1875
564 4454 591 4506 p.
612 4431 685 4488 VIII
703 4450 743 4501 sq,
