3038 5220
723 178 781 244 164

140 387 214 464 late,
237 401 273 451 ut
294 385 375 450 haec
390 384 582 449 emendandi
604 396 691 450 certa
714 384 767 448 lex
789 394 820 447 et
842 382 1022 449 constantia
1044 383 1113 448 iure
1130 382 1228 447 statui
1241 382 1360 467 possit3

143 509 227 577 quae
257 509 330 553 cum
360 485 466 550 adhuc
492 508 554 550 non
584 486 713 571 cognita
741 497 839 563 esset,
872 485 1066 550 factumest
1093 495 1127 550 ut
1149 483 1288 549 editores
1311 495 1362 550 sat
1413 534 1417 543 .

142 591 251 656 multis
278 590 357 655 locis
382 588 596 654 Ambrosiani
617 590 812 674 scripturam
839 610 859 653 a
882 599 1059 652 correctore
1087 586 1277 653 adornatam
1301 609 1360 674 pro

142 694 295 760 Plautina
324 691 525 777 acciperent3
559 714 633 756 narn
663 713 735 758 cum
757 690 933 768 Palatinis,
960 712 1043 774 quae
1072 689 1231 757 editorum
1252 690 1292 754 de
1314 712 1363 756 re-

144 796 329 862 censionem
362 793 552 859 auctoritate
585 815 655 858 esse
685 794 767 858 solet
800 792 972 869 sententia,
1005 814 1078 857 raro
1106 793 1157 856 vel
1183 814 1363 877 numquam

142 908 312 984 peecatum
334 905 392 961 est.

227 1017 269 1084 In
289 1017 325 1083 A
347 1038 423 1082 vero
446 1038 465 1080 a
488 1027 666 1081 correctore
693 1015 795 1079 oratio
818 1013 861 1079 ad
885 1012 1060 1101 planiorem
1085 1012 1255 1078 verborum
1277 1015 1363 1080 ordi-

144 1145 216 1188 nem
238 1129 389 1186 revocata
412 1129 460 1182 est
482 1117 532 1182 his
555 1117 648 1183 locis:

192 1242 276 1307 Tua.
299 1239 361 1304 285
383 1236 426 1301 P:
449 1235 572 1301 Nullan
593 1237 665 1301 istic
689 1236 800 1302 mulier
823 1234 970 1303 habitat?

388 1341 433 1404 A:
455 1337 579 1405 Nullan
600 1339 715 1406 mulier
734 1339 808 1403 istic
830 1337 977 1404 habitat?

185 1443 296 1508 Pseud.
316 1440 381 1506 615
398 1438 441 1504 P:
465 1439 553 1523 Quid
574 1439 640 1504 illic
661 1461 771 1506 secum
794 1440 880 1506 solus
902 1440 1066 1525 loquitur?

140 1568 142 1573 ·
394 1539 443 1608 A:
466 1540 553 1626 Quid
575 1542 642 1607 illic
664 1542 751 1609 solus
775 1564 884 1609 secum
905 1541 1069 1626 loquitur?

191 1649 272 1712 Tria.
294 1645 358 1712 456

306 1748 350 1814 P:
371 1746 599 1813 Ferentinum
620 1768 689 1812 esse
711 1747 850 1812 amicum
872 1746 1040 1813 inventum
1061 1747 1216 1835 intellego

226 1854 259 1918 A
278 1860 349 1918 aut:
366 1829 593 1916 Fere'ntarium
616 1849 754 1915 amioum
777 1849 846 1915 esse
868 1850 1036 1917 inventum
1058 1850 1210 1938 intellego

278 1962 350 2019 aut:
374 1951 599 2020 Ferentinum
622 1953 845 2020 amioum-esse
867 1954 1033 2019 inventum
1055 1952 1217 2040 intellego.

192 2061 273 2124 Tria.
296 2056 336 2120 91

228 2160 272 2224 P:
295 2158 378 2225 Sunt
400 2178 481 2245 quos
502 2157 569 2222 scio
591 2180 660 2223 esse
684 2158 813 2236 amicos,
837 2168 911 2222 sunt
932 2179 1012 2242 quos
1035 2157 1182 2245 suspicor

232 2262 283 2327 A:
307 2260 389 2327 Sunt
411 2281 492 2344 quos
515 2260 581 2326 scio
603 2260 723 2325 amicos
747 2281 826 2338 esse,
850 2270 924 2325 sunt
947 2283 1027 2347 quos
1054 2261 1210 2348 suspicor.

193 2365 274 2430 Tria.
298 2364 358 2430 651
382 2361 426 2426 P:
449 2361 490 2428 In
511 2364 581 2428 foro
604 2386 736 2449 operam
758 2363 871 2428 amieis
893 2363 936 2427 da

381 2466 429 2531 A:
452 2465 493 2531 In
514 2467 584 2532 foro
606 2467 718 2532 amicis
741 2481 882 2555 operam·
896 2465 948 2530 da.

195 2572 275 2637 Trita
298 2569 362 2637 860

230 2672 274 2737 P:
298 2670 392 2736 Dabo
408 2693 548 2761 operam,
565 2680 602 2738 ut
613 2693 664 2736 me
680 2692 749 2736 esse
766 2670 872 2758 ipsum
891 2669 987 2756 plane
999 2669 1234 2757 sycophantam
1247 2672 1366 2742 sentiat

230 2775 278 2840 A:
300 2773 395 2840 Dabo
424 2795 572 2859 operam,
610 2786 647 2840 ut
671 2795 723 2838 me
752 2772 858 2861 ipsum
892 2772 986 2860 plane
1027 2794 1097 2838 esse
1129 2774 1366 2860 sycophantam

1110 2876 1237 2942 sentiat.

191 2997 273 3062 Tria.
302 2995 382 3062 1051
415 2992 533 3080 ,Quom
567 3002 709 3079 repetas,
749 2992 915 3059 inimicum
948 2994 1088 3060 amicum
1123 2994 1278 3065 beneficio
1318 3002 1365 3067 in-

145 3100 256 3164 venias
280 3107 346 3165 tuo‘
368 3097 406 3175 P,
430 3097 580 3175 ‚amicum
601 3097 747 3162 invenias
770 3095 925 3162 beneficio
947 3107 1013 3163 tuo‘
1035 3097 1082 3176 A,
1114 3121 1210 3186 quem
1235 3113 1367 3188 praeter

147 3200 359 3287 Spengelium
382 3199 647 3286 Wagnerumque
669 3220 779 3264 omnes
802 3199 903 3265 secuti
926 3217 1010 3266 sunt.

189 3321 275 3386 Eud.
297 3321 361 3387 573
382 3319 427 3384 P:
454 3305 498 3384 At
521 3317 611 3384 vides
633 3340 695 3397 me,
718 3318 849 3385 ornatus
872 3328 908 3383 ut
930 3319 990 3384 sim

381 3422 429 3487 A:
455 3405 503 3487 At
525 3421 616 3487 vides
638 3443 700 3499 me,
722 3433 757 3486 ut
780 3422 911 3486 ornatus
935 3422 1005 3486 sim.

147 3529 188 3592 cl.
210 3526 408 3594 Ritsohelius
430 3525 508 3591 Noc.
532 3549 593 3591 eac.
614 3526 718 3593 Plaut.
742 3548 773 3612 p.
795 3525 846 3593 39.

188 3650 282 3713 Mero.
304 3647 366 3713 278
390 3647 431 3712 P:
453 3647 543 3712 Pisto
567 3648 630 3733 ipsi
652 3646 748 3711 facito
771 3666 880 3709 coram
902 3654 938 3709 ut
959 3644 1068 3709 tradas
1090 3645 1124 3709 in
1147 3668 1278 3712 manum

381 3749 426 3814 A:
449 3750 539 3814 Pisto
559 3750 622 3836 ipsi
644 3750 742 3815 facito
764 3757 800 3814 ut
823 3768 931 3813 eoram
954 3747 1062 3812 tradas
1085 3749 1119 3813 in
1141 3771 1283 3817 manum.

188 3853 274 3917 Pera
296 3852 358 3917 417
381 3851 425 3917 P:
447 3852 524 3919 Sine
547 3853 707 3940 respirare
730 3873 791 3929 me,
814 3847 872 3914 tibi
894 3859 930 3914 ut
951 3850 1168 3937 respondeam·

375 3956 424 4021 A:
447 3955 524 4022 Sine
547 3957 706 4042 respirare
729 3976 790 4032 me,
813 3963 849 4020 ut
870 3951 929 4018 tibi
951 3954 1174 4039 respondeam.

193 4057 279 4123 Teuc.
301 4057 365 4124 239

231 4175 275 4240 P:
297 4174 385 4242 Nam
408 4188 533 4243 ecastor
548 4199 724 4262 numquam
739 4176 817 4240 satis
841 4175 930 4241 dedit
952 4198 1029 4242 suae
1045 4177 1215 4261 qnisquam
1239 4179 1366 4246 amicae

1060 4288 1186 4343 amator

146 4380 194 4446 A:
223 4379 321 4459 ,Nam
350 4390 477 4449 ecastor
499 4402 674 4466 numquam
702 4380 780 4444 satis
808 4379 897 4446 dedit
925 4383 1048 4447 amicae
1076 4381 1212 4469 quisque
1239 4394 1368 4450 amator
