3038 5220
761 288 802 359 65

128 503 133 543 l
168 497 325 584 probare,
360 521 434 563 cum
462 499 556 563 unico
586 498 681 563 huius
711 500 922 584 correptionis
951 497 1099 582 exemplo
1130 495 1231 561 altera
1253 489 1396 561 recensio

128 604 137 645 ¹
170 601 285 667 obstet.
343 602 462 666 dixerit
494 602 655 689 quispiam
682 603 714 666 in
751 606 780 667 A
815 599 1012 688 deprehendi
1041 599 1307 685 grammaticum,
1341 594 1397 685 qiti

128 706 137 751 ¹
171 714 310 768 metrum
349 704 480 767 minime
514 725 630 767 curans
663 705 763 769 futuri
795 706 932 768 formam
971 701 1148 765 secuudum
1176 723 1305 765 versum
1335 699 1397 764 377

128 814 137 853 Ι
170 804 348 883 ,accubabo
370 806 468 891 regie‘
491 806 672 890 reduxerit3
704 807 760 871 sed
782 807 816 870 ni
839 805 946 870 omnia
968 803 1099 880 fallunt,
1133 803 1168 866 in
1191 801 1397 866 Ambrosiani

128 917 136 957 Ι
171 909 346 993 scriptura*
365 909 443 973 latet
484 908 604 995 duplex
638 910 797 995 scriptura
831 910 973 972 incubant
1003 919 1034 969 et
1061 900 1236 979 incubarat,
1260 912 1398 987 quarum

128 1020 136 1063 Ι
172 1009 274 1074 altera
296 1012 410 1075 vitium
432 1011 517 1087 eius,
552 1011 607 1095 qui
635 1010 1043 1098 archetypumexaravit,
1077 1008 1178 1072 altera
1208 1009 1398 1072 correctoris

128 1126 135 1165 t
173 1113 355 1177 emendatio
396 1113 522 1177 videtur
556 1136 635 1177 esse.
687 1113 764 1178 talia
801 1125 907 1179 autem
937 1113 1098 1178 coniciens
1139 1134 1179 1175 ne
1213 1110 1399 1174 temeritatis

128 1227 135 1269 Ι
172 1215 312 1293 incuset,
335 1215 393 1302 hos
416 1216 502 1280 locos
531 1216 627 1279 velim
652 1216 821 1301 inspicias:
845 1217 941 1302 ttpiu.
958 1216 1022 1279 614
1050 1216 1098 1278 A:
1124 1214 1199 1300 quid
1221 1214 1312 1298 apitii
1333 1235 1401 1276 mea

128 1332 135 1374 t
174 1317 392 1382 commoditas?
424 1319 445 1381 i.
474 1341 501 1381 e.
523 1307 598 1403 qaid
623 1321 698 1404 'apia
732 1327 763 1380 et
791 1319 866 1403 qaid
899 1321 972 1403 opit.
1023 1317 1104 1379 Tria.
1127 1315 1170 1379 50
1199 1315 1251 1380 A:
1284 1316 1400 1378 volesne

129 1437 135 1479 t
173 1407 356 1498 laciniatim,
378 1419 425 1484 B:
458 1421 556 1483 voleat
584 1421 725 1494 uulubti,
760 1419 821 1485 OD
843 1420 928 1484 valea
951 1419 1083 1486 uoluisti.
1141 1418 1183 1482 ad
1207 1417 1399 1504 scripturam

128 1543 134 1584 ι
174 1546 251 1589 vere
266 1523 451 1587 Plautinum
469 1523 617 1586 ducimur
630 1522 740 1586 codice
752 1521 793 1598 B,
817 1545 856 1585 ex
869 1544 933 1605 quo
950 1520 1100 1587 Loewius
1117 1531 1204 1585 recte
1220 1520 1401 1584 enucleavit

128 1649 133 1711 t
175 1629 261 1691 autea
276 1625 327 1689 tu?
348 1623 510 1688 calciata?
534 1624 589 1709 (cf.
606 1625 700 1687 Anat.
717 1624 820 1686 Plaat.
837 1647 868 1708 p.
889 1624 973 1707 141).
1010 1623 1042 1686 in
1059 1624 1102 1699 A,
1118 1623 1152 1685 in
1168 1633 1231 1709 q'uo
1255 1634 1266 1684 t
1281 1635 1401 1707 puncto

175 1751 274 1815 supra
297 1728 415 1812 scripto
439 1726 545 1790 deleta
568 1737 630 1808 est,
655 1726 777 1812 duplex
800 1725 959 1810 scriptura
982 1726 1069 1801 latet,
1102 1724 1244 1810 genuina
1266 1727 1351 1788 valea
1369 1737 1402 1789 tu

176 1832 318 1894 valuistin
339 1840 370 1892 et
392 1829 518 1893 novicia
540 1830 655 1892 vabaae
683 1829 847 1892 calciatico.
894 1829 989 1914 apta.
1013 1827 1074 1891 513
1109 1828 1190 1890 mulo
1208 1839 1241 1890 ut
1264 1830 1397 1891 aromata

177 1943 211 1994 at
224 1953 331 2016 pereas
344 1928 388 2006 A,
406 1929 439 1992 id
456 1942 503 1993 est
517 1930 598 1992 malo
613 1941 646 1992 ut
664 1932 798 1993 madata
810 1953 926 2016 pereas,
943 1943 974 1993 et
990 1931 1071 1993 malo
1088 1933 1221 1993 auciuta
1235 1940 1268 1992 ut
1278 1952 1401 2015 pacem

179 2033 222 2096 cf.
248 2032 344 2096 etiam
368 2054 466 2116 supra
488 2031 598 2095 Pseud.
620 2031 684 2095 433
708 2042 739 2096 et
760 2032 833 2096 451.

266 2134 359 2199 Stich.
383 2133 445 2197 372
467 2133 512 2198 P:
536 2133 633 2212 Hem,
657 2134 758 2217 quid?
779 2135 999 2222 Epignomum
1022 2134 1200 2200 elocutu’s?

469 2237 518 2300 A:
536 2237 629 2317 Hem,
655 2237 755 2320 quid?
778 2237 1000 2324 Epignomum
1023 2258 1057 2300 es
1079 2236 1229 2302 locutus?

180 2339 387 2403 Ambrosiani
411 2351 570 2404 corrector
599 2340 633 2402 in
656 2340 794 2403 elocutu’s
817 2339 951 2404 verbum
976 2338 1212 2404 substantivum
1243 2338 1307 2401 iam
1331 2361 1403 2403 con·

180 2443 273 2508 tineri
297 2465 360 2506 non
385 2443 487 2529 magis
510 2441 678 2519 intellexit,
702 2464 798 2525 quam
811 2441 1034 2507 Palatinarum
1057 2455 1218 2506 corrector
1235 2443 1323 2506 Most.
1340 2443 1400 2507 671

179 2545 268 2632 (vide
301 2546 408 2632 infra).
466 2567 523 2609 cur
558 2567 632 2608 vero
666 2566 739 2608 cum
773 2545 799 2609 P
834 2547 961 2609 elocutus
993 2545 1167 2630 legendum
1199 2544 1254 2621 sit,
1295 2544 1403 2609 docuit

179 2647 357 2735 Langenus
380 2649 491 2734 (Bcitr.
514 2671 546 2732 p.
572 2648 657 2734 184).

266 2751 350 2813 Pers.
379 2751 439 2816 401
475 2749 632 2834 praebent
660 2750 701 2815 P:
742 2749 819 2835 ‚Qui
853 2753 930 2816 mihi
965 2753 1087 2817 iuratus
1121 2762 1169 2816 est
1207 2774 1275 2816 sese
1307 2751 1403 2815 hodie

181 2862 352 2937 argentum
377 2853 475 2929 dare‘,
508 2851 564 2916 ubi
594 2853 743 2929 ,iuratust
766 2859 847 2918 sese‘
873 2854 1077 2920 scribendum
1107 2865 1164 2918 est.
1194 2852 1403 2919 Ambrosiani

182 2955 356 3019 correctori
379 2953 502 3039 placuit
526 2956 659 3033 ,iuratus
683 2966 731 3020 est
753 2967 806 3023 se‘.

267 3058 358 3120 Poea.
381 3055 444 3120 638

267 3159 310 3223 P:
335 3159 421 3244 Quia
454 3181 512 3223 nos
545 3160 674 3224 honoris
704 3162 750 3225 tui
784 3184 882 3227 causa
910 3163 973 3227 huc
1005 3163 1045 3227 ad
1070 3172 1101 3226 te
1130 3162 1276 3228 venimus

183 3285 267 3348 quae
292 3265 450 3350 scriptura
472 3274 582 3349 aperte
606 3263 689 3327 redit
709 3264 751 3328 ad

333 3365 419 3450 Quia
441 3367 499 3430 nds
524 3366 570 3430 tui
593 3367 722 3430 honoris
746 3366 844 3430 caiisa
867 3366 930 3429 huc
952 3366 994 3430 ad
1016 3377 1047 3429 te
1071 3365 1235 3443 venimus3

188 3469 277 3533 metri
302 3482 409 3532 autem
430 3469 615 3555 gratialeo
637 3469 670 3531 iu
693 3471 722 3532 A
746 3468 885 3532 deletum
910 3483 967 3544 est,
990 3468 1081 3532 cuius
1105 3490 1233 3533 versum
1250 3468 1404 3533 Goetzius

183 3570 397 3654 Loewiusque
428 3593 490 3634 non
515 3581 600 3634 recte
619 3582 825 3657 receperunt3
849 3593 922 3633 nam
946 3571 1002 3632 duc
1024 3572 1066 3631 ad
1088 3582 1116 3633 te
1130 3569 1248 3634 Plauto
1264 3571 1404 3635 usitatis-

185 3674 301 3738 simum
325 3683 387 3750 est;
412 3675 451 3737 cf.
476 3697 506 3736 v.
529 3696 577 3759 gr.
599 3674 679 3736 Tria.
703 3673 743 3737 67
768 3696 852 3749 ,nam
876 3694 936 3757 ego
959 3672 1068 3735 dedita
1097 3694 1195 3757 opera
1218 3672 1282 3737 huc
1306 3673 1348 3736 ad
1371 3683 1402 3738 te

185 3777 307 3853 venio‘3
333 3797 429 3861 porro
463 3777 543 3838 Tria.
567 3775 617 3842 97.
643 3776 735 3838 1151.
764 3776 848 3840 Troe.
866 3773 938 3840 148.
954 3773 1034 3851 3973
1065 3774 1110 3838 sic
1133 3775 1230 3840 etiam
1253 3777 1300 3840 tte
1320 3777 1405 3862 apud

184 3903 242 3953 voa,
266 3882 314 3942 tu
331 3900 427 3964 prope
441 3900 497 3952 me,
520 3879 567 3940 aa
589 3889 657 3941 aute
679 3879 766 3940 aedes
789 3876 859 3940 sim.
883 3877 1069 3963 saepissime
1093 3877 1218 3943 dicitur.
1288 3962 1291 3967 ῃ
1490 3884 1493 3890 ’

269 3980 341 4045 Hos
358 3981 442 4045 locos
461 3981 565 4044 visum
588 3981 691 4042 estin
715 3980 775 4044 hac
790 3979 997 4065 paragrapho
1020 3979 1183 4066 colligere,
1207 3983 1404 4067 quamquam

186 4085 279 4172 copia
318 4084 477 4160 locorum,
518 4081 633 4165 quibus
666 4080 902 4147 Ambrosianus
939 4092 1128 4146 retractatus
1148 4103 1234 4175 ¹esse
1267 4075 1404 4165 videtur,

185 4187 325 4250 nondum
345 4185 503 4250 exhausta
519 4199 575 4247 est.
621 4183 678 4247 sed
700 4184 775 4268 quia
799 4185 831 4247 in
857 4207 893 4248 eo
909 4184 1110 4269 potissimum
1134 4185 1275 4248 studium
1299 4207 1404 4249 meum

186 4288 287 4376 posui,
311 4298 346 4352 ut
368 4287 487 4370 ubique
510 4297 650 4350 mentem
673 4286 863 4350 correctoris
888 4297 919 4351 et
941 4289 1096 4351 rationem
1121 4286 1313 4352 emendandi
1336 4309 1405 4373 per-

186 4392 341 4476 spicerem
365 4401 396 4455 et
418 4388 627 4470 ostenderem,
652 4390 760 4476 plures
782 4389 868 4453 locos
892 4389 1036 4453 consulto
1060 4388 1191 4467 seclusi,
1225 4386 1405 4474 dequibus

186 4516 224 4560 ea
249 4495 288 4558 de
312 4515 410 4560 causa
432 4492 510 4555 mihi
534 4515 596 4555 non
621 4492 697 4556 satis
720 4490 902 4569 constabat,
929 4492 1016 4579 quod
1042 4493 1123 4556 ratio
1146 4489 1338 4556 emendandi
1361 4491 1406 4554 di-

1203 4611 1219 4663 5
