3038 5220
100 496 103 501 Ι
155 408 343 477 cedentibus
377 411 544 476 bominum
576 413 680 477 forma
713 413 813 477 facies
846 411 1085 491 describuntur,
1120 412 1257 478 virtutes
1294 413 1375 478 vitia

156 523 400 595 enumerantur,
430 514 477 577 ita
503 526 690 599 usurpatur,
725 525 762 579 ut
790 514 1057 600 significationem
1091 514 1181 580 verbi
1212 518 1378 581 doecdbm

154 637 258 700 paene
292 629 416 700 aequet
460 616 549 680 velut
578 617 690 680 Pread.
714 618 785 694 749,
814 627 983 702 postquam
1012 616 1087 682 inde
1109 640 1129 681 a
1150 642 1180 682 v.
1204 619 1269 683 729
1294 619 1378 687 Sim.

156 718 238 782 miae
261 717 421 782 calliditas
455 719 661 804 nequitiaque
684 720 846 807 descripta
868 733 932 797 est,
961 719 1144 786 Pseudulus
1166 721 1213 785 sic
1237 721 1376 788 iudicat:

156 819 293 898 ,Probus
316 820 452 899 homost,
482 832 518 885 ut
539 821 726 907 praedicare
750 833 779 884 te
804 821 910 885 andio‘
940 823 1010 898 ,wie
1032 822 1085 886 ich
1108 844 1165 886 aus
1188 823 1300 888 deiner
1316 823 1379 888 Be·

157 922 351 1010 schreibung
378 923 477 988 hbre‘.
523 925 606 987 Rcd.
630 924 691 988 651
716 945 786 1009 sqq.
817 946 837 986 a
864 922 986 987 lenonis
1021 922 1188 988 cuiusdam
1217 925 1378 990 scelerum

155 1024 310 1112 peculiari
338 1026 576 1090 enumeratione
599 1025 771 1091 Trachalio
797 1048 831 1090 se
853 1037 985 1090 revocat
1012 1026 1062 1089 his
1087 1025 1208 1091 verbis:
1243 1039 1289 1104 ‚ut
1312 1050 1378 1092 uno

157 1127 256 1192 verbo
271 1126 448 1203 absolvam,
467 1127 585 1191 lenost:
603 1127 680 1211 quid
694 1127 786 1192 illum
804 1149 900 1213 porro
915 1127 1132 1212 praediccmi‘
1155 1151 1232 1209 ‚was
1247 1129 1308 1194 soll
1323 1129 1378 1194 ich

154 1229 210 1292 ihn
232 1229 346 1314 linger
368 1228 565 1297 achildemi‘
598 1231 665 1294 Mil.
687 1231 762 1316 plor.
786 1230 848 1294 968
872 1231 937 1307 ‚Ad
961 1240 1050 1293 tuam
1071 1230 1208 1294 formam
1231 1231 1288 1295 illa
1311 1254 1378 1297 una

156 1331 296 1417 dignast.
319 1331 328 1416 l
349 1332 457 1396 hercle
481 1332 626 1417 pulcram
650 1332 844 1418 praedicas‘3
867 1345 1034 1418 praeterea
1056 1332 1096 1398 cf.
1120 1333 1188 1399 Mil.
1203 1334 1281 1418 plor.
1303 1333 1377 1400 471.

155 1435 245 1497 Most.
269 1433 341 1498 981.
360 1435 432 1501 Aul.
455 1435 527 1501 314.
550 1436 632 1498 Mera
655 1435 718 1500 908
741 1456 788 1518 sq.
816 1434 912 1521 Epid.
936 1433 999 1498 459
1022 1456 1129 1521 ,quarn
1151 1434 1274 1499 dudum
1301 1435 1378 1520 Epi-

156 1536 248 1600 dicus
269 1535 354 1615 Mihi,
367 1535 568 1621 praedicavit
584 1536 739 1612 militem‘,
762 1534 817 1600 ubi
828 1538 1009 1622 praedicare
1024 1536 1153 1600 notione
1172 1537 1378 1602 describendi

157 1637 381 1722 accipiendum
405 1659 475 1702 esse
493 1660 588 1702 versu
604 1638 668 1703 300
683 1638 930 1702 demonstratur.
963 1658 1068 1724 neque
1084 1638 1178 1703 aliter
1193 1638 1377 1706 Trinummi

154 1740 225 1804 loco
259 1750 429 1824 postquam
463 1739 635 1804 Lesbonici
669 1763 773 1805 mores
805 1750 988 1824 sortemque
1021 1739 1169 1828 depinxit
1201 1741 1376 1826 Lysiteles,

155 1841 263 1908 Philto
286 1842 470 1906 —ironice
494 1881 534 1892 —
553 1854 678 1907 evocat:
703 1843 839 1928 ‚Edepol
863 1843 1024 1907 hominem
1044 1843 1264 1929 praedicatum
1286 1846 1379 1911 firme

155 1957 187 2011 et
207 1944 428 2009 familiariter.

198 2049 287 2112 Most.
312 2049 375 2115 676

239 2150 287 2212 A:
310 2148 396 2213 Ecce
419 2161 525 2214 autem
640 2170 727 2214 nunc
750 2149 827 2235 quid
850 2149 957 2214 dicam
979 2150 1099 2217 nescio.

153 2251 352 2318 Ritsclrelius
380 2273 464 2327 ‚ecce
493 2264 600 2317 autem
630 2251 737 2336 perii‘;
764 2251 793 2314 P
822 2272 906 2328 ,ecce
935 2263 1043 2316 autem
1073 2255 1211 2333 iterum‘,
1251 2253 1285 2317 in
1314 2277 1380 2341 quo

153 2358 255 2419 interii
274 2355 373 2419 latere
399 2365 473 2418 ante
495 2353 685 2440 Ussingium
708 2355 773 2417 iam
797 2375 1023 2438 cognoveram.

196 2460 287 2523 Poea.
312 2458 394 2523 1369

238 2561 286 2623 A:
310 2558 433 2623 Malum
457 2559 648 2646 post[rcrn]o
671 2581 764 2623 omne
787 2559 829 2623 ad
853 2559 997 2623 lenonem
1021 2557 1155 2623 reccidit

238 2663 280 2726 P:
306 2662 427 2725 Malum
449 2676 729 2746 postremo-omne
752 2662 793 2724 ad
816 2662 964 2726 lenonem
986 2662 1080 2726 redit.

153 2767 192 2831 cf.
214 2764 455 2830 Studemundus
479 2788 549 2826 ann.
570 2765 645 2849 phil.
669 2762 792 2828 XCIII
810 2787 841 2850 p.
865 2764 916 2830 63.
946 2786 1019 2828 cum
1050 2763 1173 2827 hiatum
1201 2764 1234 2827 in
1258 2766 1379 2829 senarii

153 2889 287 2931 caesura
311 2865 352 2930 ab
376 2866 425 2947 iis,
451 2867 506 2952 qui
527 2866 654 2930 fabulas
677 2866 845 2930 Plautinas
868 2877 1101 2944 retractarunt,
1131 2866 1380 2952 comprobatum

154 2991 222 3033 esse
246 2969 310 3030 iam
332 2990 428 3052 saepe
452 2967 641 3044 viderimus,
672 2968 840 3032 consilium
868 2970 1052 3055 corrigendi
1079 2992 1141 3034 non
1173 2972 1380 3055 negaverim:

153 3070 210 3135 sed
243 3071 339 3134 facile
374 3071 479 3154 potuit
512 3073 556 3133 cci
586 3070 670 3132 inter
704 3073 811 3132 e·-‹li
842 3071 1001 3137 excidere.
1057 3083 1088 3136 et
1115 3095 1156 3136 ne
1184 3072 1217 3136 id
1245 3074 1380 3157 quidem

153 3197 279 3241 sumere
302 3197 365 3237 non
382 3196 562 3258 possumus,
585 3174 664 3236 redit
687 3195 745 3256 pro
760 3176 883 3236 reccidit
906 3174 993 3239 nulla
1009 3176 1100 3238 metri
1124 3177 1246 3239 ratione
1263 3176 1380 3242 habita

153 3277 380 3362 interpolatum
404 3298 473 3339 esse
498 3275 610 3339 eodem
633 3274 737 3353 modo,
762 3296 826 3360 quo
854 3275 933 3340 Tria.
956 3277 1020 3341 340

238 3380 285 3443 A:
312 3377 399 3442 Nam
427 3392 458 3441 et
486 3377 564 3441 illud
594 3376 680 3460 quod
709 3376 764 3439 dat
796 3376 903 3461 perdit
931 3389 962 3442 et
990 3378 1036 3442 illi
1067 3378 1173 3463 prodit
1202 3380 1304 3444 vitam
1335 3382 1379 3446 ad

512 3467 517 3474 ”
1070 3480 1233 3545 miseriam

153 3583 230 3647 inP
252 3583 323 3646 loco
343 3581 432 3646 verbi
451 3584 559 3668 prodit
580 3580 806 3667 interpolatum
831 3592 879 3646 est
891 3583 1031 3667 producit
1053 3581 1151 3667 idque
1174 3592 1225 3647 sat
1241 3585 1377 3671 antiquo

153 3697 307 3770 tempore,
330 3706 403 3747 cum
427 3684 473 3747 sic
495 3684 558 3746 iam
582 3682 771 3746 Lactantius
794 3686 885 3746 instit.
910 3683 958 3746 VI
981 3684 1029 3766 11,
1055 3684 1074 3749 8
1097 3684 1219 3769 legerit.

239 3788 322 3849 Pera.
347 3785 412 3849 269
434 3784 482 3849 A:
507 3784 636 3870 pedicas
659 3785 786 3870 inpingi
808 3784 966 3871 (iusserit)

431 3887 473 3950 P:
498 3886 629 3972 pedicas
652 3886 772 3970 inponi.
891 3937 893 3941 .

154 3987 360 4053 memorabile
388 3988 474 4074 quod
496 3987 639 4052 eiusdem
663 3986 898 4072 discrepantiae
922 3990 1105 4074 exemplum
1126 3988 1262 4053 alterum
1287 4001 1379 4056 extat

158 4092 238 4154 Tria.
256 4089 319 4154 720
341 4090 540 4166 ‚Fulmentas
563 4088 691 4153 iubeam
707 4089 858 4176 suppingi
882 4091 1017 4156 soccis‘?‘
1036 4090 1074 4168 P,
1090 4092 1217 4177 subponi
1234 4090 1377 4170 Nonius,

153 4196 209 4276 qui
233 4215 305 4256 cum
329 4191 538 4256 Ambrosiani
562 4193 730 4276 scripturis
757 4191 852 4277 longe
876 4192 1021 4278 plurimis
1045 4192 1123 4256 locis
1148 4193 1316 4277 congruit,
1339 4205 1378 4261 ut

152 4293 237 4356 idem
261 4294 292 4356 in
321 4294 353 4356 A
382 4294 481 4357 fuisse
512 4294 660 4358 conicias.
705 4295 738 4357 in
766 4295 960 4358 contrarium
990 4317 1009 4358 a
1039 4295 1140 4359 doctis
1168 4294 1268 4359 medii
1302 4298 1378 4362 aevi

155 4396 373 4488 grammaticis
397 4405 554 4466 mutatum
578 4408 627 4466 est
649 4397 718 4459 Mil.
740 4397 815 4487 plor.
840 4397 912 4480 928,
936 4396 993 4465 ubi
1015 4419 1089 4462 cum
1111 4396 1140 4462 P
1162 4399 1208 4484 (ct
1230 4396 1376 4486 Nonius)
