3038 5220
796 278 873 362 θεῖ·

209 498 314 562 fectae
336 497 415 576 sint,
445 497 499 583 qui
522 499 716 563 mutationes
739 521 837 585 supra
859 499 973 563 allatas
994 498 1026 561 in
1050 496 1150 562 verba
1170 508 1285 583 poetae
1309 499 1428 564 intulit.

210 598 313 665 simile
336 609 394 677 est,
417 600 505 687 quod
525 601 557 665 in
580 601 673 665 Poea.
696 601 758 666 587
782 600 952 666 habemns:
1096 602 1099 609 '

296 703 346 766 A:
369 701 476 786 Quam
491 702 524 766 hi
540 715 624 780 sunt,
642 704 706 788 qui,
723 704 750 766 si
766 704 846 767 nihil
862 715 919 781 θεῖ,
935 703 1067 786 quicum
1081 701 1218 787 litigent,
1235 701 1308 766 lites
1321 715 1431 767 emunt

298 803 341 869 P:
365 802 470 888 Quam
488 805 520 868 hi
537 815 622 882 sunt,
638 807 705 889 qui,
721 807 749 869 si
764 805 843 870 nihil
859 819 907 870 est
923 805 1036 882 litium,
1050 803 1120 868 lites
1136 810 1255 870 emunt.

297 905 447 994 Denique
458 917 582 971 restant
593 907 752 991 quaedam
768 908 851 972 inter
861 909 896 972 A
911 917 943 972 et
959 905 988 971 P
1004 905 1238 992 discrepantiae
1250 906 1431 990 scripturae

211 1009 244 1074 in
272 1009 398 1074 cantico
425 1008 480 1073 illo
507 1010 690 1087 Trinaciam,
719 1032 782 1094 qno
804 1009 929 1073 nullum
953 1008 1057 1094 magis
1079 1009 1210 1093 ingenia
1232 1030 1431 1074 summorum

210 1110 449 1200 philologorum
478 1112 633 1178 exercuit.
668 1111 708 1176 de
737 1110 854 1194 quibus
887 1110 1073 1176 brevissime
1106 1113 1256 1189 referam,
1290 1134 1366 1176 cum
1398 1113 1431 1175 in

211 1236 337 1280 summa
354 1213 394 1279 de
416 1213 526 1278 metris
548 1212 749 1279 dubitatione
770 1214 891 1278 iudicio
913 1214 1073 1279 abstinere
1102 1237 1200 1299 quam
1221 1213 1340 1279 futtilia
1361 1237 1432 1300 pro

208 1317 292 1382 ferre
313 1316 433 1383 malim.
476 1394 479 1398 ¹

289 1419 403 1506 Atque
415 1419 495 1484 Trio
509 1419 571 1483 236
583 1419 647 1483 iam
661 1439 747 1482 nuno
759 1442 800 1483 ex
806 1417 953 1504 Langeni
966 1420 1078 1504 (Beitr.
1086 1442 1117 1504 p.
1127 1419 1202 1505 139)
1213 1419 1432 1506 disputatione

212 1521 345 1588 dubium
373 1544 438 1587 non
468 1532 530 1598 est,
559 1521 636 1606 quin
658 1531 744 1585 reete
767 1521 796 1585 P
819 1543 931 1608 ,quem
954 1521 995 1584 ad
1018 1520 1148 1585 modum
1171 1521 1357 1606 expediant‘
1380 1544 1433 1587 ex-

211 1623 360 1702 hibeant,
383 1646 447 1710 qno
470 1647 547 1688 usus
571 1622 753 1691 Schoellius
775 1624 809 1688 in
832 1623 1012 1689 Trinummi
1035 1625 1129 1688 tertia
1153 1624 1291 1690 editione
1314 1625 1433 1691 Linde-

214 1749 369 1792 mannum
391 1725 669 1810 Ritsoheliumque
693 1736 821 1792 secutus
844 1748 972 1791 versum
997 1726 1112 1792 edidit:

297 1827 452 1895 Omnium
481 1830 622 1914 primum
652 1829 770 1894 amoris
800 1831 896 1893 arteis
919 1851 1015 1914 quem
1039 1829 1234 1894 admodum
1257 1830 1433 1916 expediant

1024 1933 1156 2021 eloquar

212 2035 345 2119 eloquar
377 2034 649 2118 quemadmodum
681 2034 866 2119 expediant‘
902 2033 944 2117 P3
985 2035 1127 2119 ‚eloquar
1160 2036 1432 2122 quemadmodum

215 2159 249 2202 εθ
272 2137 456 2222 expediant‘
472 2138 516 2213 A,
528 2137 583 2201 ubi
606 2159 636 2201 ae
652 2148 706 2201 aut
729 2159 748 2200 a
772 2137 983 2224 grammatico
1006 2138 1151 2202 additum
1173 2148 1231 2215 θεῖ,
1254 2147 1319 2215 aut,
1342 2139 1369 2201 si
1392 2137 1434 2202 ad

221 2240 326 2328 ipsum
344 2250 507 2304 auctorem
522 2238 717 2303 recensionis
730 2239 822 2319 redit,
839 2241 1020 2304 octonarius
1036 2240 1077 2304 ab
1099 2262 1136 2304 eo
1152 2241 1205 2305 hic
1222 2241 1356 2306 effeetus
1372 2254 1433 2306 est:

298 2341 454 2409 Omnium
476 2343 616 2428 primum
639 2344 755 2406 amoris
777 2343 874 2407 artois
898 2342 1039 2427 eloquar,
1062 2365 1159 2426 quem
1181 2343 1223 2408 ad
1246 2345 1377 2409 modum
1400 2366 1434 2408 se

1027 2446 1210 2533 expediant.

297 2547 336 2616 V.
360 2546 423 2613 238
446 2568 511 2624 ,θοε
532 2547 622 2631 petit,
646 2566 700 2609 eos
719 2552 870 2609 sectatur‘
893 2547 937 2623 A;
960 2569 1023 2623 ,eos
1042 2549 1132 2633 cupit
1148 2571 1200 2612 eos
1220 2558 1433 2615 consectatur‘

211 2651 251 2730 P,
279 2660 334 2716 ant
362 2649 523 2713 diversam
551 2650 769 2714 recensionem
792 2650 995 2714 ostendentes
1023 2666 1078 2714 aut
1106 2650 1203 2714 meris
1230 2651 1434 2737 glossematis

214 2755 309 2821 aucti.
334 2752 390 2817 sed
414 2754 454 2816 of.
475 2751 697 2817 Buechelerus
720 2753 799 2816 Mea.
823 2754 918 2821 Rhea.
942 2751 1127 2819 XXXVII
1149 2775 1180 2838 p.
1202 2755 1274 2821 477.

298 2855 339 2920 V.
363 2854 425 2921 242
453 2876 564 2937 ,quom
595 2854 756 2940 extemplo
781 2853 877 2917 saviis
901 2853 1068 2938 perculsus
1092 2864 1149 2918 θεῖ6
1172 2855 1216 2932 A,
1246 2879 1360 2940 ‚quom
1382 2881 1434 2923 ex-

212 2959 331 3045 templo
353 2957 439 3021 savis
461 2956 621 3043 sagittatis
637 2977 809 3042 percussus
826 2965 884 3020 est‘
900 2955 928 3019 P
944 2958 1125 3042 (percenseat
1141 2957 1191 3042 Β),
1214 2957 1270 3023 ubi
1287 2959 1434 3026 Fleckei-

212 3083 308 3126 senus
323 3058 586 3145 Ritsoheliusque
601 3059 761 3142 eopittotia
778 3059 929 3123 videlieet
951 3081 1003 3137 ,ex
1019 3060 1292 3145 interpretatione‘
1310 3075 1435 3142 natum,

213 3164 403 3238 reiecerunt,
423 3159 588 3245 Bergkius
611 3159 833 3246 Kiesslingius
856 3160 1005 3226 Loewius
1029 3164 1085 3248 (of.
1109 3162 1290 3228 Sohoellins
1318 3166 1436 3253 Titne)

213 3265 406 3354 Spengelius
427 3263 690 3348 (Reformvoraoirl.
708 3285 739 3347 p.
756 3265 807 3328 58.
823 3264 885 3328 418
898 3265 961 3351 sq.)
977 3265 1186 3342 retinuerunt,
1203 3267 1254 3331 hic
1272 3290 1345 3332 cum
1364 3269 1436 3333 aliis

212 3378 403 3455 anapaestos
425 3365 603 3430 dimensus:

298 3469 385 3535 Nam
409 3469 468 3553 qui
492 3478 578 3532 amat
600 3468 687 3552 quod
709 3478 796 3532 amat
819 3490 916 3553 quom
939 3468 1101 3554 extemplo

299 3571 405 3639 Saviis
429 3571 590 3657 sagittatis
614 3570 808 3655 percussust.
1241 3631 1244 3636 .

298 3674 480 3742 Schoellius
497 3684 603 3738 antem
627 3661 667 3736 de
693 3674 870 3757 composito
893 3673 1105 3758 ,savisagitta‘
1128 3674 1284 3760 cogitans,
1308 3675 1434 3742 scribit:

217 3776 313 3857 ‚Nam
337 3777 392 3861 qni
422 3787 518 3854 amat,
542 3777 628 3860 quod
658 3788 744 3840 amat
767 3798 863 3863 quom
885 3777 1048 3861 extemplo
1071 3777 1139 3842 eius
1161 3777 1352 3862 savisagitta
1375 3779 1438 3844 dis-

215 3879 383 3966 peroulsus
406 3889 473 3942 est‘.
514 3880 569 3963 qui
591 3878 618 3941 si
640 3890 725 3942 recte
748 3878 988 3956 indicaverunt,
1011 3879 1045 3942 in
1067 3880 1101 3943 A
1124 3878 1278 3944 correctio
1301 3881 1437 3946 metrica

212 3982 385 4049 statuenda
407 3991 465 4046 est.

298 4083 341 4152 V.
365 4084 427 4148 257
450 4083 541 4162 ‚haec
564 4105 624 4170 ego
639 4082 748 4168 Quum
771 4105 845 4147 cum
862 4086 968 4147 animo
986 4105 1057 4148 meo
1079 4092 1204 4169 reputo‘
1227 4085 1308 4169 ΑΙ),
1331 4085 1437 4167 ‚Haec

214 4209 274 4273 ego
306 4207 380 4251 oum
409 4209 471 4273 ago
506 4208 578 4250 oum
615 4208 686 4250 meo
724 4185 831 4249 animo
865 4195 896 4249 et
928 4186 1045 4250 recolo‘
1078 4188 1116 4252 P.
1164 4211 1222 4273 opo
1254 4187 1438 4254 reiecerunt

301 4341 321 4405 ¹)
340 4338 398 4394 Ubi
412 4340 487 4407 quod
505 4340 570 4393 tace
587 4357 635 4408 epo
652 4340 683 4391 in
700 4340 728 4392 A
746 4339 883 4407 superiori
900 4341 994 4393 versui
1012 4340 1138 4394 additum
1156 4344 1206 4407 est,
1223 4341 1314 4409 possit
1331 4341 1438 4410 aliquis

217 4424 254 4478 ad
280 4424 470 4478 recensionem
496 4425 642 4478 metricam
664 4423 769 4477 referre
792 4439 824 4477 eo
847 4424 964 4478 oonsilio
982 4428 1151 4498 susceptam,
1180 4430 1213 4479 ut
1234 4425 1354 4480 duorum
1375 4443 1439 4482 ver·

216 4526 295 4572 opum
313 4512 433 4572 metrum
450 4509 524 4571 idern
542 4509 772 4573 constitueretur:
