<?xml version="1.0" encoding="UTF-8"?>
<!DOCTYPE html PUBLIC "-//W3C//DTD XHTML 1.0 Transitional//EN"
    "http://www.w3.org/TR/xhtml1/DTD/xhtml1-transitional.dtd">
<html xmlns="http://www.w3.org/1999/xhtml" xml:lang="en" lang="en">
 <head>
  <title>
</title>
<meta http-equiv="Content-Type" content="text/html;charset=utf-8" />
  <meta name='ocr-system' content='tesseract 3.04.00' />
  <meta name='ocr-capabilities' content='ocr_page ocr_carea ocr_par ocr_line ocrx_word'/>
</head>
<body>
  <div class='ocr_page' id='page_1' title='image "./deplautifabular01baiegoog_0129.png"; bbox 0 0 3038 5220; ppageno 0'>
   <div class='ocr_carea' id='block_1_1' title="bbox 652 219 716 285">
    <p class='ocr_par' dir='ltr' id='par_1_1' title="bbox 652 219 716 285">
     <span class='ocr_line' id='line_1_1' title="bbox 652 219 716 285; baseline 0 0"><span class='ocrx_word' id='word_1_1' title='bbox 652 219 716 285; x_wconf 80' lang='lat'><strong>120</strong></span> 
     </span>
    </p>
   </div>
   <div class='ocr_carea' id='block_1_2' title="bbox 583 308 784 319">
    <p class='ocr_par' dir='ltr' id='par_1_2' title="bbox 583 308 784 319">
     <span class='ocr_line' id='line_1_2' title="bbox 583 308 784 319; baseline -0.005 0"><span class='ocrx_word' id='word_1_2' title='bbox 583 308 784 319; x_wconf 76' lang='lat'>———-</span> 
     </span>
    </p>
   </div>
   <div class='ocr_carea' id='block_1_3' title="bbox 74 421 1302 3679">
    <p class='ocr_par' dir='ltr' id='par_1_3' title="bbox 74 421 1302 3679">
     <span class='ocr_line' id='line_1_3' title="bbox 81 421 1298 510; baseline 0 -23"><span class='ocrx_word' id='word_1_3' title='bbox 81 421 200 488; x_wconf 73' lang='lat' dir='ltr'><strong>Plauto</strong></span> <span class='ocrx_word' id='word_1_4' title='bbox 219 421 354 506; x_wconf 81' lang='lat' dir='ltr'><strong>profecti</strong></span> <span class='ocrx_word' id='word_1_5' title='bbox 373 422 502 499; x_wconf 79' lang='lat' dir='ltr'><strong>fuerint,</strong></span> <span class='ocrx_word' id='word_1_6' title='bbox 530 423 747 510; x_wconf 77' lang='lat' dir='ltr'><strong>quodpropter</strong></span> <span class='ocrx_word' id='word_1_7' title='bbox 775 422 924 508; x_wconf 81' lang='lat' dir='ltr'><strong>religioni</strong></span> <span class='ocrx_word' id='word_1_8' title='bbox 955 421 1001 484; x_wconf 79' lang='lat' dir='ltr'><strong>ita</strong></span> <span class='ocrx_word' id='word_1_9' title='bbox 1027 422 1298 488; x_wconf 67' lang='lat' dir='ltr'><strong>safislwieudnm</strong></span> 
     </span>
     <span class='ocr_line' id='line_1_4' title="bbox 82 523 1302 610; baseline 0.001 -21"><span class='ocrx_word' id='word_1_10' title='bbox 82 546 152 589; x_wconf 83' lang='lat' dir='ltr'><strong>esse</strong></span> <span class='ocrx_word' id='word_1_11' title='bbox 172 525 311 610; x_wconf 78' lang='lat' dir='ltr'><strong>putarit,</strong></span> <span class='ocrx_word' id='word_1_12' title='bbox 338 535 374 589; x_wconf 87' lang='lat' dir='ltr'><strong>nt</strong></span> <span class='ocrx_word' id='word_1_13' title='bbox 394 536 547 610; x_wconf 73' lang='lat' dir='ltr'><strong>meosque</strong></span> <span class='ocrx_word' id='word_1_14' title='bbox 567 527 741 607; x_wconf 85' lang='lat' dir='ltr'><strong>memoriae</strong></span> <span class='ocrx_word' id='word_1_15' title='bbox 764 524 914 590; x_wconf 78' lang='lat' dir='ltr'><strong>traderet</strong></span> <span class='ocrx_word' id='word_1_16' title='bbox 938 524 1031 588; x_wconf 90' lang='lat' dir='ltr'><strong>cuins</strong></span> <span class='ocrx_word' id='word_1_17' title='bbox 1060 525 1108 587; x_wconf 88' lang='lat' dir='ltr'><strong>rei</strong></span> <span class='ocrx_word' id='word_1_18' title='bbox 1132 523 1302 610; x_wconf 79' lang='lat' dir='ltr'><strong>permulta</strong></span> 
     </span>
     <span class='ocr_line' id='line_1_5' title="bbox 82 626 1300 714; baseline 0 -23"><span class='ocrx_word' id='word_1_19' title='bbox 82 627 231 712; x_wconf 67' lang='lat' dir='ltr'><strong>mempla</strong></span> <span class='ocrx_word' id='word_1_20' title='bbox 256 628 422 691; x_wconf 75' lang='lat' dir='ltr'><strong>Poemlsun</strong></span> <span class='ocrx_word' id='word_1_21' title='bbox 449 627 597 712; x_wconf 73' lang='lat' dir='ltr'><strong>inprimis</strong></span> <span class='ocrx_word' id='word_1_22' title='bbox 623 627 821 714; x_wconf 81' lang='lat' dir='ltr'><strong>perlustrans</strong></span> <span class='ocrx_word' id='word_1_23' title='bbox 847 626 1003 690; x_wconf 87' lang='lat' dir='ltr'><strong>invenies.</strong></span> <span class='ocrx_word' id='word_1_24' title='bbox 1012 628 1039 709; x_wconf 94' lang='lat'><strong>¹)</strong></span> <span class='ocrx_word' id='word_1_25' title='bbox 1088 626 1300 710; x_wconf 77' lang='lat' dir='ltr'><strong>eandemque</strong></span> 
     </span>
     <span class='ocr_line' id='line_1_6' title="bbox 81 727 1300 817; baseline 0.001 -24"><span class='ocrx_word' id='word_1_26' title='bbox 81 730 235 794; x_wconf 82' lang='lat' dir='ltr'><strong>rationem</strong></span> <span class='ocrx_word' id='word_1_27' title='bbox 260 729 343 794; x_wconf 79' lang='lat' dir='ltr'><strong>alibi</strong></span> <span class='ocrx_word' id='word_1_28' title='bbox 376 753 504 817; x_wconf 90' lang='lat' dir='ltr'><strong>quoque</strong></span> <span class='ocrx_word' id='word_1_29' title='bbox 535 744 662 796; x_wconf 85' lang='lat' dir='ltr'><strong>secutus</strong></span> <span class='ocrx_word' id='word_1_30' title='bbox 695 740 753 792; x_wconf 80' lang='lat' dir='ltr'><strong>est.</strong></span> <span class='ocrx_word' id='word_1_31' title='bbox 803 750 909 812; x_wconf 87' lang='lat' dir='ltr'><strong>nsque</strong></span> <span class='ocrx_word' id='word_1_32' title='bbox 938 728 1044 813; x_wconf 84' lang='lat' dir='ltr'><strong>magis</strong></span> <span class='ocrx_word' id='word_1_33' title='bbox 1074 727 1213 793; x_wconf 88' lang='lat' dir='ltr'><strong>dubium</strong></span> <span class='ocrx_word' id='word_1_34' title='bbox 1247 740 1300 794; x_wconf 89' lang='lat' dir='ltr'><strong>est</strong></span> 
     </span>
     <span class='ocr_line' id='line_1_7' title="bbox 80 830 1299 920; baseline -0.002 -22"><span class='ocrx_word' id='word_1_35' title='bbox 80 831 471 920; x_wconf 82' lang='lat' dir='ltr'><strong>qnineod&#39;emmodonon</strong></span> <span class='ocrx_word' id='word_1_36' title='bbox 494 830 1299 918; x_wconf 79' lang='lat' dir='ltr'><strong>omnessauesedmagnaparsversnuminter·</strong></span> 
     </span>
     <span class='ocr_line' id='line_1_8' title="bbox 79 932 1298 1022; baseline -0.002 -21"><span class='ocrx_word' id='word_1_37' title='bbox 79 934 258 1022; x_wconf 69' lang='lat' dir='ltr'><strong>palatorum</strong></span> <span class='ocrx_word' id='word_1_38' title='bbox 279 937 491 1022; x_wconf 89' lang='lat' dir='ltr'><strong>archetypum</strong></span> <span class='ocrx_word' id='word_1_39' title='bbox 514 935 677 1000; x_wconf 77' lang='lat' dir='ltr'><strong>invaserit.</strong></span> <span class='ocrx_word' id='word_1_40' title='bbox 712 932 746 997; x_wconf 91' lang='lat' dir='ltr'><strong>iu</strong></span> <span class='ocrx_word' id='word_1_41' title='bbox 768 932 905 1017; x_wconf 79' lang='lat' dir='ltr'><strong>singulis</strong></span> <span class='ocrx_word' id='word_1_42' title='bbox 919 932 1067 998; x_wconf 87' lang='lat' dir='ltr'><strong>versibus</strong></span> <span class='ocrx_word' id='word_1_43' title='bbox 1084 935 1298 1020; x_wconf 70' lang='lat' dir='ltr'><strong>maximeque</strong></span> 
     </span>
     <span class='ocr_line' id='line_1_9' title="bbox 77 1033 1298 1123; baseline -0.003 -22"><span class='ocrx_word' id='word_1_44' title='bbox 77 1038 113 1102; x_wconf 89' lang='lat' dir='ltr'><strong>in</strong></span> <span class='ocrx_word' id='word_1_45' title='bbox 137 1037 272 1123; x_wconf 72' lang='lat' dir='ltr'><strong>singulis</strong></span> <span class='ocrx_word' id='word_1_46' title='bbox 303 1037 425 1114; x_wconf 81' lang='lat' dir='ltr'><strong>verbis,</strong></span> <span class='ocrx_word' id='word_1_47' title='bbox 458 1036 575 1121; x_wconf 89' lang='lat' dir='ltr'><strong>quibus</strong></span> <span class='ocrx_word' id='word_1_48' title='bbox 609 1058 630 1099; x_wconf 91' lang='lat' dir='ltr'><strong>a</strong></span> <span class='ocrx_word' id='word_1_49' title='bbox 657 1056 716 1100; x_wconf 90' lang='lat' dir='ltr'><strong>sno</strong></span> <span class='ocrx_word' id='word_1_50' title='bbox 743 1035 921 1122; x_wconf 87' lang='lat' dir='ltr'><strong>exemplari</strong></span> <span class='ocrx_word' id='word_1_51' title='bbox 947 1035 1085 1100; x_wconf 86' lang='lat' dir='ltr'><strong>alterum</strong></span> <span class='ocrx_word' id='word_1_52' title='bbox 1111 1033 1298 1112; x_wconf 83' lang='lat' dir='ltr'><strong>differebat,</strong></span> 
     </span>
     <span class='ocr_line' id='line_1_10' title="bbox 78 1137 1298 1224; baseline -0.002 -19"><span class='ocrx_word' id='word_1_53' title='bbox 78 1138 231 1205; x_wconf 86' lang='lat' dir='ltr'><strong>indicium</strong></span> <span class='ocrx_word' id='word_1_54' title='bbox 255 1139 302 1205; x_wconf 86' lang='lat' dir='ltr'><strong>illi</strong></span> <span class='ocrx_word' id='word_1_55' title='bbox 323 1139 495 1204; x_wconf 78' lang='lat' dir='ltr'><strong>correctori</strong></span> <span class='ocrx_word' id='word_1_56' title='bbox 517 1138 700 1224; x_wconf 74' lang='lat' dir='ltr'><strong>expeditius</strong></span> <span class='ocrx_word' id='word_1_57' title='bbox 727 1137 826 1202; x_wconf 81' lang='lat' dir='ltr'><strong>fuisse</strong></span> <span class='ocrx_word' id='word_1_58' title='bbox 853 1149 1104 1203; x_wconf 83' lang='lat' dir='ltr'><strong>consentaneum</strong></span> <span class='ocrx_word' id='word_1_59' title='bbox 1130 1147 1198 1215; x_wconf 89' lang='lat' dir='ltr'><strong>est;</strong></span> <span class='ocrx_word' id='word_1_60' title='bbox 1231 1160 1298 1202; x_wconf 93' lang='lat' dir='ltr'><strong>non</strong></span> 
     </span>
     <span class='ocr_line' id='line_1_11' title="bbox 78 1238 1299 1328; baseline -0.002 -22"><span class='ocrx_word' id='word_1_61' title='bbox 78 1241 179 1328; x_wconf 81' lang='lat' dir='ltr'><strong>igitur</strong></span> <span class='ocrx_word' id='word_1_62' title='bbox 199 1252 368 1326; x_wconf 87' lang='lat' dir='ltr'><strong>utramque</strong></span> <span class='ocrx_word' id='word_1_63' title='bbox 390 1242 584 1328; x_wconf 89' lang='lat' dir='ltr'><strong>scripturam</strong></span> <span class='ocrx_word' id='word_1_64' title='bbox 611 1238 732 1326; x_wconf 88' lang='lat' dir='ltr'><strong>ubique</strong></span> <span class='ocrx_word' id='word_1_65' title='bbox 760 1239 899 1326; x_wconf 88' lang='lat' dir='ltr'><strong>recepit,</strong></span> <span class='ocrx_word' id='word_1_66' title='bbox 931 1238 966 1303; x_wconf 91' lang='lat' dir='ltr'><strong>id</strong></span> <span class='ocrx_word' id='word_1_67' title='bbox 993 1240 1081 1323; x_wconf 90' lang='lat' dir='ltr'><strong>quod</strong></span> <span class='ocrx_word' id='word_1_68' title='bbox 1111 1261 1139 1304; x_wconf 82' lang='lat' dir='ltr'><strong>e</strong></span> <span class='ocrx_word' id='word_1_69' title='bbox 1161 1263 1195 1326; x_wconf 86' lang='lat' dir='ltr'><strong>g.</strong></span> <span class='ocrx_word' id='word_1_70' title='bbox 1217 1241 1299 1304; x_wconf 84' lang='lat' dir='ltr'><strong>fecit</strong></span> 
     </span>
     <span class='ocr_line' id='line_1_12' title="bbox 79 1341 1300 1429; baseline -0.003 -18"><span class='ocrx_word' id='word_1_71' title='bbox 79 1343 171 1412; x_wconf 74' lang='lat' dir='ltr'><strong>Stich</strong></span> <span class='ocrx_word' id='word_1_72' title='bbox 196 1345 268 1422; x_wconf 77' lang='lat'><strong>158,</strong></span> <span class='ocrx_word' id='word_1_73' title='bbox 296 1345 354 1409; x_wconf 88' lang='lat' dir='ltr'><strong>sed</strong></span> <span class='ocrx_word' id='word_1_74' title='bbox 375 1343 475 1408; x_wconf 89' lang='lat' dir='ltr'><strong>libero</strong></span> <span class='ocrx_word' id='word_1_75' title='bbox 504 1344 695 1429; x_wconf 89' lang='lat' dir='ltr'><strong>plerumque</strong></span> <span class='ocrx_word' id='word_1_76' title='bbox 724 1341 857 1406; x_wconf 84' lang='lat' dir='ltr'><strong>arbitrio</strong></span> <span class='ocrx_word' id='word_1_77' title='bbox 883 1342 1019 1406; x_wconf 87' lang='lat' dir='ltr'><strong>alteram</strong></span> <span class='ocrx_word' id='word_1_78' title='bbox 1041 1341 1141 1429; x_wconf 84' lang='lat' dir='ltr'><strong>elegit</strong></span> <span class='ocrx_word' id='word_1_79' title='bbox 1168 1365 1208 1406; x_wconf 87' lang='lat' dir='ltr'><strong>ac</strong></span> <span class='ocrx_word' id='word_1_80' title='bbox 1236 1365 1300 1427; x_wconf 87' lang='lat' dir='ltr'><strong>pro</strong></span> 
     </span>
     <span class='ocr_line' id='line_1_13' title="bbox 76 1445 1300 1529; baseline -0.002 -17"><span class='ocrx_word' id='word_1_81' title='bbox 76 1445 228 1512; x_wconf 84' lang='lat' dir='ltr'><strong>Plautina</strong></span> <span class='ocrx_word' id='word_1_82' title='bbox 259 1451 325 1510; x_wconf 91' lang='lat' dir='ltr'><strong>iam</strong></span> <span class='ocrx_word' id='word_1_83' title='bbox 356 1446 552 1523; x_wconf 73' lang='lat' dir='ltr'><strong>venditavit,</strong></span> <span class='ocrx_word' id='word_1_84' title='bbox 585 1466 651 1529; x_wconf 92' lang='lat' dir='ltr'><strong>quo</strong></span> <span class='ocrx_word' id='word_1_85' title='bbox 683 1467 757 1508; x_wconf 92' lang='lat' dir='ltr'><strong>cum</strong></span> <span class='ocrx_word' id='word_1_86' title='bbox 785 1448 907 1509; x_wconf 83' lang='lat' dir='ltr'><strong>sactum</strong></span> <span class='ocrx_word' id='word_1_87' title='bbox 935 1445 977 1508; x_wconf 88' lang='lat' dir='ltr'><strong>sit</strong></span> <span class='ocrx_word' id='word_1_88' title='bbox 1015 1455 1052 1509; x_wconf 90' lang='lat' dir='ltr'><strong>ut</strong></span> <span class='ocrx_word' id='word_1_89' title='bbox 1086 1445 1300 1510; x_wconf 85' lang='lat' dir='ltr'><strong>correctionis</strong></span> 
     </span>
     <span class='ocr_line' id='line_1_14' title="bbox 76 1546 1298 1636; baseline -0.003 -21"><span class='ocrx_word' id='word_1_90' title='bbox 76 1562 163 1614; x_wconf 88' lang='lat' dir='ltr'><strong>certe</strong></span> <span class='ocrx_word' id='word_1_91' title='bbox 183 1549 323 1636; x_wconf 90' lang='lat' dir='ltr'><strong>plurima</strong></span> <span class='ocrx_word' id='word_1_92' title='bbox 337 1548 486 1635; x_wconf 87' lang='lat' dir='ltr'><strong>exempla</strong></span> <span class='ocrx_word' id='word_1_93' title='bbox 506 1547 657 1634; x_wconf 88' lang='lat' dir='ltr'><strong>detegere</strong></span> <span class='ocrx_word' id='word_1_94' title='bbox 671 1548 801 1611; x_wconf 91' lang='lat' dir='ltr'><strong>omnino</strong></span> <span class='ocrx_word' id='word_1_95' title='bbox 823 1568 888 1611; x_wconf 89' lang='lat' dir='ltr'><strong>nou</strong></span> <span class='ocrx_word' id='word_1_96' title='bbox 902 1546 1073 1632; x_wconf 88' lang='lat' dir='ltr'><strong>possimus,</strong></span> <span class='ocrx_word' id='word_1_97' title='bbox 1096 1558 1209 1611; x_wconf 89' lang='lat' dir='ltr'><strong>tamen</strong></span> <span class='ocrx_word' id='word_1_98' title='bbox 1231 1569 1298 1612; x_wconf 91' lang='lat' dir='ltr'><strong>non</strong></span> 
     </span>
     <span class='ocr_line' id='line_1_15' title="bbox 77 1649 1241 1738; baseline -0.003 -21"><span class='ocrx_word' id='word_1_99' title='bbox 77 1651 194 1717; x_wconf 75' lang='lat' dir='ltr'><strong>desum</strong></span> <span class='ocrx_word' id='word_1_100' title='bbox 214 1650 375 1738; x_wconf 86' lang='lat' dir='ltr'><strong>quaedam</strong></span> <span class='ocrx_word' id='word_1_101' title='bbox 397 1650 543 1736; x_wconf 86' lang='lat' dir='ltr'><strong>vestigia</strong></span> <span class='ocrx_word' id='word_1_102' title='bbox 588 1650 677 1715; x_wconf 87' lang='lat' dir='ltr'><strong>velut</strong></span> <span class='ocrx_word' id='word_1_103' title='bbox 698 1650 731 1712; x_wconf 93' lang='lat' dir='ltr'><strong>iu</strong></span> <span class='ocrx_word' id='word_1_104' title='bbox 753 1650 866 1714; x_wconf 80' lang='lat' dir='ltr'><strong>Pseud.</strong></span> <span class='ocrx_word' id='word_1_105' title='bbox 888 1649 961 1715; x_wconf 65' lang='lat'><strong>954</strong></span> <span class='ocrx_word' id='word_1_106' title='bbox 983 1649 1048 1716; x_wconf 70' lang='lat'><strong>955</strong></span> <span class='ocrx_word' id='word_1_107' title='bbox 1069 1650 1103 1714; x_wconf 92' lang='lat' dir='ltr'><strong>in</strong></span> <span class='ocrx_word' id='word_1_108' title='bbox 1126 1649 1152 1712; x_wconf 90' lang='lat' dir='ltr'>P</span> <span class='ocrx_word' id='word_1_109' title='bbox 1174 1659 1241 1714; x_wconf 81' lang='lat' dir='ltr'><strong>est:</strong></span> 
     </span>
     <span class='ocr_line' id='line_1_16' title="bbox 994 1751 1255 1818; baseline -0.004 -2"><span class='ocrx_word' id='word_1_110' title='bbox 994 1751 1073 1818; x_wconf 88' lang='lat' dir='ltr'><strong>illuc</strong></span> <span class='ocrx_word' id='word_1_111' title='bbox 1094 1751 1140 1816; x_wconf 90' lang='lat' dir='ltr'><strong>sis</strong></span> <span class='ocrx_word' id='word_1_112' title='bbox 1161 1752 1255 1817; x_wconf 84' lang='lat' dir='ltr'><strong>vide:</strong></span> 
     </span>
     <span class='ocr_line' id='line_1_17' title="bbox 163 1852 1298 1942; baseline -0.004 -20"><span class='ocrx_word' id='word_1_113' title='bbox 163 1855 240 1922; x_wconf 87' lang='lat' dir='ltr'><strong>Non</strong></span> <span class='ocrx_word' id='word_1_114' title='bbox 253 1876 384 1942; x_wconf 86' lang='lat' dir='ltr'><strong>prorsus</strong></span> <span class='ocrx_word' id='word_1_115' title='bbox 393 1856 433 1940; x_wconf 76' lang='lat'><strong>²),</strong></span> <span class='ocrx_word' id='word_1_116' title='bbox 456 1875 568 1919; x_wconf 88' lang='lat' dir='ltr'><strong>verum</strong></span> <span class='ocrx_word' id='word_1_117' title='bbox 584 1875 625 1918; x_wconf 84' lang='lat' dir='ltr'><strong>ex</strong></span> <span class='ocrx_word' id='word_1_118' title='bbox 645 1865 830 1919; x_wconf 89' lang='lat' dir='ltr'><strong>transverso</strong></span> <span class='ocrx_word' id='word_1_119' title='bbox 852 1852 948 1930; x_wconf 77' lang='lat' dir='ltr'><strong>cedit,</strong></span> <span class='ocrx_word' id='word_1_120' title='bbox 971 1854 1065 1941; x_wconf 85' lang='lat' dir='ltr'><strong>quasi</strong></span> <span class='ocrx_word' id='word_1_121' title='bbox 1080 1876 1198 1920; x_wconf 85' lang='lat' dir='ltr'><strong>cancer</strong></span> <span class='ocrx_word' id='word_1_122' title='bbox 1213 1852 1298 1918; x_wconf 86' lang='lat' dir='ltr'><strong>solet</strong></span> 
     </span>
     <span class='ocr_line' id='line_1_18' title="bbox 76 1955 1300 2046; baseline -0.002 -23"><span class='ocrx_word' id='word_1_123' title='bbox 76 1959 228 2046; x_wconf 84' lang='lat' dir='ltr'><strong>idemque</strong></span> <span class='ocrx_word' id='word_1_124' title='bbox 250 1958 283 2023; x_wconf 88' lang='lat' dir='ltr'><strong>in</strong></span> <span class='ocrx_word' id='word_1_125' title='bbox 304 1958 339 2022; x_wconf 90' lang='lat' dir='ltr'>A</span> <span class='ocrx_word' id='word_1_126' title='bbox 360 1958 458 2023; x_wconf 84' lang='lat' dir='ltr'><strong>fuisse</strong></span> <span class='ocrx_word' id='word_1_127' title='bbox 486 1956 677 2022; x_wconf 79' lang='lat' dir='ltr'><strong>concludere</strong></span> <span class='ocrx_word' id='word_1_128' title='bbox 698 1955 775 2020; x_wconf 93' lang='lat' dir='ltr'><strong>licet</strong></span> <span class='ocrx_word' id='word_1_129' title='bbox 797 1978 838 2018; x_wconf 83' lang='lat' dir='ltr'><strong>ex</strong></span> <span class='ocrx_word' id='word_1_130' title='bbox 862 1955 913 2020; x_wconf 88' lang='lat' dir='ltr'><strong>his</strong></span> <span class='ocrx_word' id='word_1_131' title='bbox 942 1957 1011 2021; x_wconf 92' lang='lat' dir='ltr'><strong>eius</strong></span> <span class='ocrx_word' id='word_1_132' title='bbox 1034 1956 1178 2040; x_wconf 90' lang='lat' dir='ltr'><strong>reliquiis</strong></span> <span class='ocrx_word' id='word_1_133' title='bbox 1207 1955 1300 2032; x_wconf 86' lang='lat' dir='ltr'><strong>‚Non</strong></span> 
     </span>
     <span class='ocr_line' id='line_1_19' title="bbox 77 2058 1299 2148; baseline -0.005 -20"><span class='ocrx_word' id='word_1_134' title='bbox 77 2083 207 2148; x_wconf 88' lang='lat' dir='ltr'><strong>prorsus</strong></span> <span class='ocrx_word' id='word_1_135' title='bbox 232 2084 252 2124; x_wconf 91' lang='lat' dir='ltr'><strong>v</strong></span> <span class='ocrx_word' id='word_1_136' title='bbox 268 2109 402 2126; x_wconf 90' lang='grc'><strong>.....</strong></span> <span class='ocrx_word' id='word_1_137' title='bbox 406 2071 424 2127; x_wconf 90' lang='lat'><strong>‘.</strong></span> <span class='ocrx_word' id='word_1_138' title='bbox 468 2061 525 2147; x_wconf 92' lang='lat' dir='ltr'><strong>qui</strong></span> <span class='ocrx_word' id='word_1_139' title='bbox 539 2081 663 2137; x_wconf 87' lang='lat' dir='ltr'><strong>versus,</strong></span> <span class='ocrx_word' id='word_1_140' title='bbox 679 2080 753 2122; x_wconf 93' lang='lat' dir='ltr'><strong>cum</strong></span> <span class='ocrx_word' id='word_1_141' title='bbox 775 2079 833 2141; x_wconf 90' lang='lat' dir='ltr'><strong>per</strong></span> <span class='ocrx_word' id='word_1_142' title='bbox 853 2080 889 2121; x_wconf 90' lang='lat' dir='ltr'><strong>se</strong></span> <span class='ocrx_word' id='word_1_143' title='bbox 912 2081 951 2122; x_wconf 92' lang='lat' dir='ltr'><strong>ue</strong></span> <span class='ocrx_word' id='word_1_144' title='bbox 974 2059 1141 2124; x_wconf 90' lang='lat' dir='ltr'><strong>minimam</strong></span> <span class='ocrx_word' id='word_1_145' title='bbox 1162 2058 1299 2145; x_wconf 91' lang='lat' dir='ltr'><strong>quidem</strong></span> 
     </span>
     <span class='ocr_line' id='line_1_20' title="bbox 79 2159 1299 2252; baseline -0.002 -23"><span class='ocrx_word' id='word_1_146' title='bbox 79 2164 293 2252; x_wconf 72' lang='lat' dir='ltr'><strong>suspicionem</strong></span> <span class='ocrx_word' id='word_1_147' title='bbox 319 2164 448 2240; x_wconf 75' lang='lat' dir='ltr'><strong>iniciat,</strong></span> <span class='ocrx_word' id='word_1_148' title='bbox 482 2162 584 2226; x_wconf 92' lang='lat' dir='ltr'><strong>nihilo</strong></span> <span class='ocrx_word' id='word_1_149' title='bbox 618 2162 723 2226; x_wconf 89' lang='lat' dir='ltr'><strong>minus</strong></span> <span class='ocrx_word' id='word_1_150' title='bbox 762 2159 1004 2243; x_wconf 89' lang='lat' dir='ltr'><strong>posthabendus</strong></span> <span class='ocrx_word' id='word_1_151' title='bbox 1036 2170 1085 2225; x_wconf 89' lang='lat' dir='ltr'><strong>est</strong></span> <span class='ocrx_word' id='word_1_152' title='bbox 1118 2160 1163 2238; x_wconf 92' lang='lat' dir='ltr'><strong>ei,</strong></span> <span class='ocrx_word' id='word_1_153' title='bbox 1196 2184 1299 2244; x_wconf 90' lang='lat' dir='ltr'><strong>quem</strong></span> 
     </span>
     <span class='ocr_line' id='line_1_21' title="bbox 80 2263 1038 2351; baseline 0.001 -24"><span class='ocrx_word' id='word_1_154' title='bbox 80 2263 212 2351; x_wconf 86' lang='lat' dir='ltr'><strong>praebet</strong></span> <span class='ocrx_word' id='word_1_155' title='bbox 235 2263 330 2329; x_wconf 88' lang='lat' dir='ltr'><strong>valde</strong></span> <span class='ocrx_word' id='word_1_156' title='bbox 353 2263 593 2350; x_wconf 82' lang='lat' dir='ltr'><strong>discrepantem</strong></span> <span class='ocrx_word' id='word_1_157' title='bbox 616 2263 721 2331; x_wconf 91' lang='lat' dir='ltr'><strong>Varro</strong></span> <span class='ocrx_word' id='word_1_158' title='bbox 743 2264 780 2327; x_wconf 77' lang='lat' dir='ltr'><strong>de</strong></span> <span class='ocrx_word' id='word_1_159' title='bbox 803 2266 821 2327; x_wconf 85' lang='lat' dir='ltr'><strong>l</strong></span> <span class='ocrx_word' id='word_1_160' title='bbox 846 2264 866 2326; x_wconf 83' lang='lat' dir='ltr'><em>L</em></span> <span class='ocrx_word' id='word_1_161' title='bbox 888 2263 1038 2332; x_wconf 86' lang='lat' dir='ltr'>V1181:</span> 
     </span>
     <span class='ocr_line' id='line_1_22' title="bbox 161 2364 1233 2452; baseline -0.004 -20"><span class='ocrx_word' id='word_1_162' title='bbox 161 2365 208 2432; x_wconf 89' lang='lat' dir='ltr'><strong>Ut</strong></span> <span class='ocrx_word' id='word_1_163' title='bbox 230 2376 460 2442; x_wconf 89' lang='lat' dir='ltr'><strong>transversum,</strong></span> <span class='ocrx_word' id='word_1_164' title='bbox 484 2388 546 2430; x_wconf 91' lang='lat' dir='ltr'><strong>nou</strong></span> <span class='ocrx_word' id='word_1_165' title='bbox 569 2389 742 2451; x_wconf 89' lang='lat' dir='ltr'><strong>proversns</strong></span> <span class='ocrx_word' id='word_1_166' title='bbox 765 2366 862 2442; x_wconf 86' lang='lat' dir='ltr'><strong>cedit,</strong></span> <span class='ocrx_word' id='word_1_167' title='bbox 885 2365 979 2452; x_wconf 88' lang='lat' dir='ltr'><strong>quasi</strong></span> <span class='ocrx_word' id='word_1_168' title='bbox 1001 2387 1118 2430; x_wconf 79' lang='lat' dir='ltr'><strong>cancer</strong></span> <span class='ocrx_word' id='word_1_169' title='bbox 1140 2364 1233 2430; x_wconf 88' lang='lat' dir='ltr'><strong>solet.</strong></span> 
     </span>
     <span class='ocr_line' id='line_1_23' title="bbox 75 2468 1295 2554; baseline 0 -20"><span class='ocrx_word' id='word_1_170' title='bbox 75 2491 113 2534; x_wconf 89' lang='lat' dir='ltr'><strong>ea</strong></span> <span class='ocrx_word' id='word_1_171' title='bbox 141 2468 227 2534; x_wconf 89' lang='lat' dir='ltr'><strong>enim</strong></span> <span class='ocrx_word' id='word_1_172' title='bbox 260 2478 421 2533; x_wconf 86' lang='lat' dir='ltr'><strong>structura</strong></span> <span class='ocrx_word' id='word_1_173' title='bbox 460 2471 600 2533; x_wconf 89' lang='lat' dir='ltr'><strong>sermoni</strong></span> <span class='ocrx_word' id='word_1_174' title='bbox 632 2468 783 2534; x_wconf 88' lang='lat' dir='ltr'><strong>Plautino</strong></span> <span class='ocrx_word' id='word_1_175' title='bbox 817 2469 967 2534; x_wconf 86' lang='lat' dir='ltr'><strong>convenit</strong></span> <span class='ocrx_word' id='word_1_176' title='bbox 974 2493 984 2547; x_wconf 91' lang='lat'>;</span> <span class='ocrx_word' id='word_1_177' title='bbox 1018 2470 1057 2536; x_wconf 87' lang='lat' dir='ltr'><strong>cf.</strong></span> <span class='ocrx_word' id='word_1_178' title='bbox 1082 2469 1155 2534; x_wconf 74' lang='lat' dir='ltr'><strong>Aut</strong></span> <span class='ocrx_word' id='word_1_179' title='bbox 1177 2468 1222 2536; x_wconf 88' lang='grc'><strong>46</strong></span> <span class='ocrx_word' id='word_1_180' title='bbox 1245 2492 1295 2554; x_wconf 86' lang='lat' dir='ltr'><strong>sq.</strong></span> 
     </span>
     <span class='ocr_line' id='line_1_24' title="bbox 74 2570 1299 2658; baseline 0.002 -24"><span class='ocrx_word' id='word_1_181' title='bbox 74 2571 160 2649; x_wconf 88' lang='lat' dir='ltr'><strong>,illuc</strong></span> <span class='ocrx_word' id='word_1_182' title='bbox 187 2571 232 2635; x_wconf 87' lang='lat' dir='ltr'><strong>sis</strong></span> <span class='ocrx_word' id='word_1_183' title='bbox 267 2570 355 2647; x_wconf 91' lang='lat' dir='ltr'><strong>vide,</strong></span> <span class='ocrx_word' id='word_1_184' title='bbox 390 2583 425 2635; x_wconf 92' lang='lat' dir='ltr'><strong>ut</strong></span> <span class='ocrx_word' id='word_1_185' title='bbox 447 2571 590 2636; x_wconf 84' lang='lat' dir='ltr'><strong>iucedit‘.</strong></span> <span class='ocrx_word' id='word_1_186' title='bbox 644 2573 713 2635; x_wconf 81' lang='lat' dir='ltr'><strong>Mil.</strong></span> <span class='ocrx_word' id='word_1_187' title='bbox 741 2573 817 2657; x_wconf 79' lang='lat' dir='ltr'><strong>plor.</strong></span> <span class='ocrx_word' id='word_1_188' title='bbox 848 2571 913 2636; x_wconf 80' lang='lat'><strong>200</strong></span> <span class='ocrx_word' id='word_1_189' title='bbox 940 2595 988 2658; x_wconf 92' lang='lat' dir='ltr'><strong>sq.</strong></span> <span class='ocrx_word' id='word_1_190' title='bbox 1021 2571 1110 2648; x_wconf 91' lang='lat' dir='ltr'><strong>,illuc</strong></span> <span class='ocrx_word' id='word_1_191' title='bbox 1137 2571 1181 2635; x_wconf 90' lang='lat' dir='ltr'><strong>sis</strong></span> <span class='ocrx_word' id='word_1_192' title='bbox 1208 2572 1299 2650; x_wconf 91' lang='lat' dir='ltr'><strong>vide,</strong></span> 
     </span>
     <span class='ocr_line' id='line_1_25' title="bbox 74 2672 1298 2758; baseline 0 -20"><span class='ocrx_word' id='word_1_193' title='bbox 74 2672 345 2758; x_wconf 84' lang='lat' dir='ltr'><strong>quemadmodum</strong></span> <span class='ocrx_word' id='word_1_194' title='bbox 374 2672 487 2736; x_wconf 85' lang='lat' dir='ltr'><strong>astitit‘</strong></span> <span class='ocrx_word' id='word_1_195' title='bbox 516 2694 542 2740; x_wconf 88' lang='lat' dir='ltr'><strong>e.</strong></span> <span class='ocrx_word' id='word_1_196' title='bbox 571 2696 601 2758; x_wconf 92' lang='lat' dir='ltr'><strong>q.</strong></span> <span class='ocrx_word' id='word_1_197' title='bbox 630 2696 653 2738; x_wconf 89' lang='lat' dir='ltr'><strong>s.</strong></span> <span class='ocrx_word' id='word_1_198' title='bbox 699 2672 792 2737; x_wconf 83' lang='lat' dir='ltr'><strong>Stich.</strong></span> <span class='ocrx_word' id='word_1_199' title='bbox 819 2673 883 2738; x_wconf 78' lang='lat'><strong>270</strong></span> <span class='ocrx_word' id='word_1_200' title='bbox 910 2695 958 2757; x_wconf 88' lang='lat' dir='ltr'><strong>sq.</strong></span> <span class='ocrx_word' id='word_1_201' title='bbox 988 2673 1059 2752; x_wconf 90' lang='lat' dir='ltr'><strong>,hoc</strong></span> <span class='ocrx_word' id='word_1_202' title='bbox 1087 2673 1179 2750; x_wconf 89' lang='lat' dir='ltr'><strong>vide,</strong></span> <span class='ocrx_word' id='word_1_203' title='bbox 1217 2675 1298 2738; x_wconf 86' lang='lat' dir='ltr'><strong>satis</strong></span> 
     </span>
     <span class='ocr_line' id='line_1_26' title="bbox 75 2774 1296 2861; baseline 0 -20"><span class='ocrx_word' id='word_1_204' title='bbox 75 2794 109 2841; x_wconf 86' lang='lat' dir='ltr'><strong>ut</strong></span> <span class='ocrx_word' id='word_1_205' title='bbox 139 2779 242 2839; x_wconf 86' lang='lat' dir='ltr'><strong>facete</strong></span> <span class='ocrx_word' id='word_1_206' title='bbox 266 2821 274 2838; x_wconf 89' lang='lat'><strong>.</strong></span> <span class='ocrx_word' id='word_1_207' title='bbox 297 2821 337 2838; x_wconf 85' lang='lat'><strong>..</strong></span> <span class='ocrx_word' id='word_1_208' title='bbox 366 2774 489 2839; x_wconf 85' lang='lat' dir='ltr'><strong>astitit‘.</strong></span> <span class='ocrx_word' id='word_1_209' title='bbox 537 2774 647 2858; x_wconf 89' lang='lat' dir='ltr'><strong>itaque</strong></span> <span class='ocrx_word' id='word_1_210' title='bbox 675 2776 813 2840; x_wconf 90' lang='lat' dir='ltr'><strong>similem</strong></span> <span class='ocrx_word' id='word_1_211' title='bbox 846 2776 1097 2861; x_wconf 88' lang='lat' dir='ltr'><strong>discrepantiam</strong></span> <span class='ocrx_word' id='word_1_212' title='bbox 1125 2775 1296 2855; x_wconf 89' lang='lat' dir='ltr'><strong>habemus,</strong></span> 
     </span>
     <span class='ocr_line' id='line_1_27' title="bbox 74 2877 1297 2966; baseline 0.002 -24"><span class='ocrx_word' id='word_1_213' title='bbox 74 2893 169 2966; x_wconf 84' lang='lat' dir='ltr'><strong>atque</strong></span> <span class='ocrx_word' id='word_1_214' title='bbox 191 2877 275 2943; x_wconf 88' lang='lat' dir='ltr'><strong>iuter</strong></span> <span class='ocrx_word' id='word_1_215' title='bbox 289 2878 323 2942; x_wconf 84' lang='lat' dir='ltr'>A</span> <span class='ocrx_word' id='word_1_216' title='bbox 346 2878 418 2941; x_wconf 89' lang='lat' dir='ltr'><strong>etP</strong></span> <span class='ocrx_word' id='word_1_217' title='bbox 441 2887 530 2942; x_wconf 83' lang='lat' dir='ltr'><strong>extat</strong></span> <span class='ocrx_word' id='word_1_218' title='bbox 557 2878 667 2943; x_wconf 80' lang='lat' dir='ltr'><strong>Pseud.</strong></span> <span class='ocrx_word' id='word_1_219' title='bbox 695 2878 763 2957; x_wconf 82' lang='lat'><strong>156,</strong></span> <span class='ocrx_word' id='word_1_220' title='bbox 788 2879 841 2943; x_wconf 91' lang='lat' dir='ltr'><strong>uhi</strong></span> <span class='ocrx_word' id='word_1_221' title='bbox 870 2879 942 2956; x_wconf 91' lang='lat' dir='ltr'><strong>,hoc</strong></span> <span class='ocrx_word' id='word_1_222' title='bbox 963 2879 1037 2943; x_wconf 89' lang='lat' dir='ltr'><strong>vide</strong></span> <span class='ocrx_word' id='word_1_223' title='bbox 1061 2879 1118 2960; x_wconf 90' lang='lat' dir='ltr'><strong>sis,</strong></span> <span class='ocrx_word' id='word_1_224' title='bbox 1150 2895 1184 2943; x_wconf 91' lang='lat' dir='ltr'><strong>ut</strong></span> <span class='ocrx_word' id='word_1_225' title='bbox 1213 2879 1297 2944; x_wconf 88' lang='lat' dir='ltr'><strong>alias</strong></span> 
     </span>
     <span class='ocr_line' id='line_1_28' title="bbox 74 2978 1296 3068; baseline 0 -23"><span class='ocrx_word' id='word_1_226' title='bbox 74 3004 125 3046; x_wconf 91' lang='lat' dir='ltr'><strong>res</strong></span> <span class='ocrx_word' id='word_1_227' title='bbox 153 2989 266 3066; x_wconf 79' lang='lat' dir='ltr'><strong>agunt‘</strong></span> <span class='ocrx_word' id='word_1_228' title='bbox 291 2978 331 3055; x_wconf 87' lang='grc' dir='ltr'><strong>Ρ,</strong></span> <span class='ocrx_word' id='word_1_229' title='bbox 359 2978 430 3056; x_wconf 92' lang='lat' dir='ltr'><strong>‚hoc</strong></span> <span class='ocrx_word' id='word_1_230' title='bbox 462 2978 585 3043; x_wconf 87' lang='lat' dir='ltr'><strong>videas:</strong></span> <span class='ocrx_word' id='word_1_231' title='bbox 613 2980 693 3044; x_wconf 89' lang='lat' dir='ltr'><strong>alias</strong></span> <span class='ocrx_word' id='word_1_232' title='bbox 721 3003 772 3045; x_wconf 89' lang='lat' dir='ltr'><strong>res</strong></span> <span class='ocrx_word' id='word_1_233' title='bbox 795 2991 904 3067; x_wconf 84' lang='lat' dir='ltr'><strong>agunt‘</strong></span> <span class='ocrx_word' id='word_1_234' title='bbox 935 2981 969 3045; x_wconf 88' lang='lat' dir='ltr'>A</span> <span class='ocrx_word' id='word_1_235' title='bbox 989 2981 1186 3068; x_wconf 78' lang='lat' dir='ltr'><strong>exhibent.⁸)</strong></span> <span class='ocrx_word' id='word_1_236' title='bbox 1236 2983 1296 3047; x_wconf 88' lang='lat' dir='ltr'><strong>sed</strong></span> 
     </span>
     <span class='ocr_line' id='line_1_29' title="bbox 74 3080 1296 3165; baseline -0.002 -16"><span class='ocrx_word' id='word_1_237' title='bbox 74 3106 113 3149; x_wconf 89' lang='lat' dir='ltr'><strong>ca</strong></span> <span class='ocrx_word' id='word_1_238' title='bbox 135 3082 284 3158; x_wconf 85' lang='lat' dir='ltr'><strong>mutatio,</strong></span> <span class='ocrx_word' id='word_1_239' title='bbox 318 3104 415 3165; x_wconf 91' lang='lat' dir='ltr'><strong>quarn</strong></span> <span class='ocrx_word' id='word_1_240' title='bbox 443 3081 476 3145; x_wconf 93' lang='lat' dir='ltr'><strong>in</strong></span> <span class='ocrx_word' id='word_1_241' title='bbox 499 3082 664 3147; x_wconf 88' lang='lat' dir='ltr'><strong>codicibus</strong></span> <span class='ocrx_word' id='word_1_242' title='bbox 692 3104 721 3149; x_wconf 88' lang='lat' dir='ltr'><strong>v.</strong></span> <span class='ocrx_word' id='word_1_243' title='bbox 750 3082 812 3146; x_wconf 76' lang='lat'><strong>955</strong></span> <span class='ocrx_word' id='word_1_244' title='bbox 846 3081 1041 3158; x_wconf 88' lang='lat' dir='ltr'><strong>invenimus,</strong></span> <span class='ocrx_word' id='word_1_245' title='bbox 1074 3080 1192 3164; x_wconf 91' lang='lat' dir='ltr'><strong>ecquid</strong></span> <span class='ocrx_word' id='word_1_246' title='bbox 1225 3081 1296 3146; x_wconf 89' lang='lat' dir='ltr'><strong>red-</strong></span> 
     </span>
     <span class='ocr_line' id='line_1_30' title="bbox 75 3181 1294 3270; baseline -0.002 -19"><span class='ocrx_word' id='word_1_247' title='bbox 75 3186 138 3251; x_wconf 87' lang='lat' dir='ltr'><strong>olet</strong></span> <span class='ocrx_word' id='word_1_248' title='bbox 171 3184 420 3270; x_wconf 82' lang='lat' dir='ltr'><strong>grammaticum</strong></span> <span class='ocrx_word' id='word_1_249' title='bbox 451 3207 491 3247; x_wconf 91' lang='lat' dir='ltr'><strong>an</strong></span> <span class='ocrx_word' id='word_1_250' title='bbox 519 3207 582 3248; x_wconf 88' lang='lat' dir='ltr'><strong>nou</strong></span> <span class='ocrx_word' id='word_1_251' title='bbox 605 3185 711 3269; x_wconf 91' lang='lat' dir='ltr'><strong>potius</strong></span> <span class='ocrx_word' id='word_1_252' title='bbox 727 3184 923 3265; x_wconf 87' lang='lat' dir='ltr'><strong>histrionem,</strong></span> <span class='ocrx_word' id='word_1_253' title='bbox 948 3184 1001 3248; x_wconf 90' lang='lat' dir='ltr'><strong>cui</strong></span> <span class='ocrx_word' id='word_1_254' title='bbox 1023 3206 1082 3248; x_wconf 93' lang='lat' dir='ltr'><strong>sua</strong></span> <span class='ocrx_word' id='word_1_255' title='bbox 1104 3181 1205 3248; x_wconf 89' lang='lat' dir='ltr'><strong>verba</strong></span> <span class='ocrx_word' id='word_1_256' title='bbox 1227 3195 1294 3248; x_wconf 89' lang='lat' dir='ltr'><strong>tam</strong></span> 
     </span>
     <span class='ocr_line' id='line_1_31' title="bbox 75 3285 1296 3372; baseline -0.002 -18"><span class='ocrx_word' id='word_1_257' title='bbox 75 3290 229 3354; x_wconf 87' lang='lat' dir='ltr'><strong>audacter</strong></span> <span class='ocrx_word' id='word_1_258' title='bbox 251 3310 349 3371; x_wconf 88' lang='lat' dir='ltr'><strong>quam</strong></span> <span class='ocrx_word' id='word_1_259' title='bbox 372 3286 449 3350; x_wconf 89' lang='lat' dir='ltr'><strong>scite</strong></span> <span class='ocrx_word' id='word_1_260' title='bbox 473 3287 604 3350; x_wconf 89' lang='lat' dir='ltr'><strong>inventa</strong></span> <span class='ocrx_word' id='word_1_261' title='bbox 627 3287 742 3351; x_wconf 91' lang='lat' dir='ltr'><strong>melius</strong></span> <span class='ocrx_word' id='word_1_262' title='bbox 760 3286 897 3372; x_wconf 84' lang='lat' dir='ltr'><strong>placent,</strong></span> <span class='ocrx_word' id='word_1_263' title='bbox 920 3308 1018 3368; x_wconf 87' lang='lat' dir='ltr'><strong>quam</strong></span> <span class='ocrx_word' id='word_1_264' title='bbox 1042 3285 1181 3371; x_wconf 80' lang='lat' dir='ltr'><strong>poetae?</strong></span> <span class='ocrx_word' id='word_1_265' title='bbox 1203 3308 1296 3371; x_wconf 86' lang='lat' dir='ltr'><strong>prae-</strong></span> 
     </span>
     <span class='ocr_line' id='line_1_32' title="bbox 76 3386 1296 3475; baseline -0.002 -19"><span class='ocrx_word' id='word_1_266' title='bbox 76 3391 186 3456; x_wconf 89' lang='lat' dir='ltr'><strong>sertim</strong></span> <span class='ocrx_word' id='word_1_267' title='bbox 210 3411 283 3455; x_wconf 90' lang='lat' dir='ltr'><strong>cum</strong></span> <span class='ocrx_word' id='word_1_268' title='bbox 306 3411 345 3453; x_wconf 86' lang='lat' dir='ltr'><strong>ea</strong></span> <span class='ocrx_word' id='word_1_269' title='bbox 367 3388 476 3466; x_wconf 89' lang='lat' dir='ltr'><strong>dictio,</strong></span> <span class='ocrx_word' id='word_1_270' title='bbox 499 3411 596 3473; x_wconf 84' lang='lat' dir='ltr'><strong>quarn</strong></span> <span class='ocrx_word' id='word_1_271' title='bbox 620 3389 747 3454; x_wconf 86' lang='lat' dir='ltr'><strong>codices</strong></span> <span class='ocrx_word' id='word_1_272' title='bbox 769 3386 936 3475; x_wconf 86' lang='lat' dir='ltr'><strong>praebent,</strong></span> <span class='ocrx_word' id='word_1_273' title='bbox 959 3410 979 3453; x_wconf 85' lang='lat' dir='ltr'><strong>a</strong></span> <span class='ocrx_word' id='word_1_274' title='bbox 1001 3409 1148 3452; x_wconf 88' lang='lat' dir='ltr'><strong>sermone</strong></span> <span class='ocrx_word' id='word_1_275' title='bbox 1171 3388 1296 3453; x_wconf 88' lang='lat' dir='ltr'><strong>comico</strong></span> 
     </span>
     <span class='ocr_line' id='line_1_33' title="bbox 75 3489 1294 3578; baseline -0.001 -22"><span class='ocrx_word' id='word_1_276' title='bbox 75 3515 136 3558; x_wconf 89' lang='lat' dir='ltr'><strong>non</strong></span> <span class='ocrx_word' id='word_1_277' title='bbox 154 3506 220 3557; x_wconf 88' lang='lat' dir='ltr'><strong>tam</strong></span> <span class='ocrx_word' id='word_1_278' title='bbox 237 3490 410 3567; x_wconf 71' lang='lat' dir='ltr'><strong>alienant,</strong></span> <span class='ocrx_word' id='word_1_279' title='bbox 434 3514 532 3575; x_wconf 87' lang='lat' dir='ltr'><strong>quam</strong></span> <span class='ocrx_word' id='word_1_280' title='bbox 548 3491 677 3556; x_wconf 83' lang='lat' dir='ltr'><strong>Loewio</strong></span> <span class='ocrx_word' id='word_1_281' title='bbox 700 3491 808 3576; x_wconf 81' lang='lat' dir='ltr'><strong>(Auel.</strong></span> <span class='ocrx_word' id='word_1_282' title='bbox 826 3491 932 3554; x_wconf 83' lang='lat' dir='ltr'><strong>Plont.</strong></span> <span class='ocrx_word' id='word_1_283' title='bbox 956 3514 987 3578; x_wconf 90' lang='lat' dir='ltr'><strong>p.</strong></span> <span class='ocrx_word' id='word_1_284' title='bbox 1006 3491 1081 3573; x_wconf 88' lang='grc'><strong>163)</strong></span> <span class='ocrx_word' id='word_1_285' title='bbox 1107 3489 1212 3555; x_wconf 91' lang='lat' dir='ltr'><strong>visum</strong></span> <span class='ocrx_word' id='word_1_286' title='bbox 1227 3502 1294 3575; x_wconf 84' lang='lat' dir='ltr'><strong>est3</strong></span> 
     </span>
     <span class='ocr_line' id='line_1_34' title="bbox 75 3592 1295 3679; baseline -0.002 -18"><span class='ocrx_word' id='word_1_287' title='bbox 75 3597 114 3663; x_wconf 82' lang='lat' dir='ltr'><strong>cf.</strong></span> <span class='ocrx_word' id='word_1_288' title='bbox 136 3595 249 3660; x_wconf 80' lang='lat' dir='ltr'><strong>Bacch.</strong></span> <span class='ocrx_word' id='word_1_289' title='bbox 275 3593 334 3659; x_wconf 75' lang='lat'><strong>137</strong></span> <span class='ocrx_word' id='word_1_290' title='bbox 371 3593 457 3670; x_wconf 89' lang='lat' dir='ltr'><strong>‚illuc</strong></span> <span class='ocrx_word' id='word_1_291' title='bbox 491 3594 535 3658; x_wconf 91' lang='lat' dir='ltr'><strong>sis</strong></span> <span class='ocrx_word' id='word_1_292' title='bbox 564 3593 651 3658; x_wconf 89' lang='lat' dir='ltr'><strong>vide:</strong></span> <span class='ocrx_word' id='word_1_293' title='bbox 684 3615 749 3658; x_wconf 90' lang='lat' dir='ltr'><strong>non</strong></span> <span class='ocrx_word' id='word_1_294' title='bbox 782 3592 1009 3679; x_wconf 85' lang='lat' dir='ltr'><strong>paedagogum</strong></span> <span class='ocrx_word' id='word_1_295' title='bbox 1041 3593 1107 3659; x_wconf 89' lang='lat' dir='ltr'><strong>iam</strong></span> <span class='ocrx_word' id='word_1_296' title='bbox 1137 3614 1204 3671; x_wconf 91' lang='lat' dir='ltr'><strong>me,</strong></span> <span class='ocrx_word' id='word_1_297' title='bbox 1238 3594 1295 3659; x_wconf 90' lang='lat' dir='ltr'><strong>sed</strong></span> 
     </span>
    </p>
   </div>
   <div class='ocr_carea' id='block_1_4' title="bbox 73 3796 1297 4123">
    <p class='ocr_par' dir='ltr' id='par_1_4' title="bbox 73 3796 1297 4123">
     <span class='ocr_line' id='line_1_35' title="bbox 162 3796 1297 3868; baseline 0.003 -17"><span class='ocrx_word' id='word_1_298' title='bbox 162 3798 182 3864; x_wconf 88' lang='lat'><strong>¹)</strong></span> <span class='ocrx_word' id='word_1_299' title='bbox 199 3796 256 3852; x_wconf 88' lang='lat' dir='ltr'><strong>Hic</strong></span> <span class='ocrx_word' id='word_1_300' title='bbox 281 3813 338 3850; x_wconf 90' lang='lat' dir='ltr'><strong>non</strong></span> <span class='ocrx_word' id='word_1_301' title='bbox 364 3797 505 3851; x_wconf 90' lang='lat' dir='ltr'><strong>omiserim</strong></span> <span class='ocrx_word' id='word_1_302' title='bbox 535 3797 633 3853; x_wconf 82' lang='lat' dir='ltr'><strong>afferre</strong></span> <span class='ocrx_word' id='word_1_303' title='bbox 659 3799 761 3864; x_wconf 87' lang='lat' dir='ltr'><strong>locum,</strong></span> <span class='ocrx_word' id='word_1_304' title='bbox 787 3797 817 3850; x_wconf 91' lang='lat' dir='ltr'><strong>in</strong></span> <span class='ocrx_word' id='word_1_305' title='bbox 840 3813 922 3865; x_wconf 87' lang='lat' dir='ltr'><strong>quem</strong></span> <span class='ocrx_word' id='word_1_306' title='bbox 944 3798 1082 3868; x_wconf 81' lang='lat' dir='ltr'><strong>Bergkius</strong></span> <span class='ocrx_word' id='word_1_307' title='bbox 1107 3799 1297 3868; x_wconf 83' lang='lat' dir='ltr'><strong>Goetziusque</strong></span> 
     </span>
     <span class='ocr_line' id='line_1_36' title="bbox 75 3880 1295 3952; baseline 0.002 -16"><span class='ocrx_word' id='word_1_308' title='bbox 75 3880 171 3937; x_wconf 88' lang='lat' dir='ltr'><strong>oculos</strong></span> <span class='ocrx_word' id='word_1_309' title='bbox 184 3885 383 3937; x_wconf 85' lang='lat' dir='ltr'><strong>converterunt</strong></span> <span class='ocrx_word' id='word_1_310' title='bbox 401 3882 558 3952; x_wconf 82' lang='lat' dir='ltr'><strong>legiturque</strong></span> <span class='ocrx_word' id='word_1_311' title='bbox 575 3883 605 3935; x_wconf 90' lang='lat' dir='ltr'><strong>in</strong></span> <span class='ocrx_word' id='word_1_312' title='bbox 623 3885 711 3936; x_wconf 84' lang='lat' dir='ltr'><strong>anecd.</strong></span> <span class='ocrx_word' id='word_1_313' title='bbox 722 3883 848 3936; x_wconf 76' lang='lat' dir='ltr'><strong>Parisino</strong></span> <span class='ocrx_word' id='word_1_314' title='bbox 865 3883 907 3950; x_wconf 90' lang='lat' dir='ltr'><strong>(in</strong></span> <span class='ocrx_word' id='word_1_315' title='bbox 922 3883 1147 3938; x_wconf 84' lang='lat' dir='ltr'><strong>Reifferscheidii</strong></span> <span class='ocrx_word' id='word_1_316' title='bbox 1157 3883 1295 3939; x_wconf 80' lang='lat' dir='ltr'><strong>Suetonio</strong></span> 
     </span>
     <span class='ocr_line' id='line_1_37' title="bbox 74 3967 1295 4037; baseline 0.002 -16"><span class='ocrx_word' id='word_1_317' title='bbox 74 3967 263 4037; x_wconf 77' lang='lat' dir='ltr'><strong>p.137sqq.):</strong></span> <span class='ocrx_word' id='word_1_318' title='bbox 293 3967 451 4036; x_wconf 80' lang='lat' dir='ltr'><strong>,antisigma</strong></span> <span class='ocrx_word' id='word_1_319' title='bbox 473 3983 536 4020; x_wconf 91' lang='lat' dir='ltr'><strong>cum</strong></span> <span class='ocrx_word' id='word_1_320' title='bbox 555 3970 660 4036; x_wconf 91' lang='lat' dir='ltr'><strong>puncto</strong></span> <span class='ocrx_word' id='word_1_321' title='bbox 680 3967 846 4036; x_wconf 87' lang='lat' dir='ltr'><strong>ponebatur,</strong></span> <span class='ocrx_word' id='word_1_322' title='bbox 865 3985 928 4020; x_wconf 91' lang='lat' dir='ltr'><strong>cum</strong></span> <span class='ocrx_word' id='word_1_323' title='bbox 940 3967 1063 4022; x_wconf 88' lang='lat' dir='ltr'><strong>eiusdem</strong></span> <span class='ocrx_word' id='word_1_324' title='bbox 1081 3984 1178 4023; x_wconf 90' lang='lat' dir='ltr'><strong>sensus</strong></span> <span class='ocrx_word' id='word_1_325' title='bbox 1196 3985 1295 4024; x_wconf 87' lang='lat' dir='ltr'><strong>versus</strong></span> 
     </span>
     <span class='ocr_line' id='line_1_38' title="bbox 73 4051 1179 4123; baseline 0 -17"><span class='ocrx_word' id='word_1_326' title='bbox 73 4051 198 4121; x_wconf 85' lang='lat' dir='ltr'><strong>duplices</strong></span> <span class='ocrx_word' id='word_1_327' title='bbox 210 4055 302 4106; x_wconf 90' lang='lat' dir='ltr'><strong>esseut</strong></span> <span class='ocrx_word' id='word_1_328' title='bbox 319 4056 348 4105; x_wconf 92' lang='lat' dir='ltr'><strong>et</strong></span> <span class='ocrx_word' id='word_1_329' title='bbox 360 4051 536 4106; x_wconf 87' lang='lat' dir='ltr'><strong>dubitaretur</strong></span> <span class='ocrx_word' id='word_1_330' title='bbox 548 4053 596 4121; x_wconf 89' lang='lat' dir='ltr'><strong>qui</strong></span> <span class='ocrx_word' id='word_1_331' title='bbox 607 4051 701 4120; x_wconf 87' lang='lat' dir='ltr'><strong>potius</strong></span> <span class='ocrx_word' id='word_1_332' title='bbox 718 4051 842 4121; x_wconf 85' lang='lat' dir='ltr'><strong>legendi;</strong></span> <span class='ocrx_word' id='word_1_333' title='bbox 855 4052 895 4106; x_wconf 90' lang='lat' dir='ltr'><strong>sic</strong></span> <span class='ocrx_word' id='word_1_334' title='bbox 913 4055 942 4106; x_wconf 93' lang='lat' dir='ltr'><strong>et</strong></span> <span class='ocrx_word' id='word_1_335' title='bbox 956 4052 1031 4123; x_wconf 88' lang='lat' dir='ltr'><strong>apud</strong></span> <span class='ocrx_word' id='word_1_336' title='bbox 1050 4057 1179 4107; x_wconf 61' lang='lat' dir='ltr'><strong>nostros!</strong></span> 
     </span>
    </p>
   </div>
   <div class='ocr_carea' id='block_1_5' title="bbox 161 4152 684 4224">
    <p class='ocr_par' dir='ltr' id='par_1_5' title="bbox 161 4152 684 4224">
     <span class='ocr_line' id='line_1_39' title="bbox 161 4152 684 4224; baseline -0.006 -16"><span class='ocrx_word' id='word_1_337' title='bbox 161 4155 183 4224; x_wconf 73' lang='lat'><strong>²)</strong></span> <span class='ocrx_word' id='word_1_338' title='bbox 202 4153 243 4208; x_wconf 83' lang='lat' dir='ltr'><strong>of.</strong></span> <span class='ocrx_word' id='word_1_339' title='bbox 262 4152 376 4207; x_wconf 88' lang='lat' dir='ltr'><strong>Brixius</strong></span> <span class='ocrx_word' id='word_1_340' title='bbox 394 4152 430 4206; x_wconf 86' lang='lat' dir='ltr'><strong>ad</strong></span> <span class='ocrx_word' id='word_1_341' title='bbox 448 4154 509 4206; x_wconf 81' lang='lat' dir='ltr'><strong>Mil.</strong></span> <span class='ocrx_word' id='word_1_342' title='bbox 526 4154 593 4223; x_wconf 75' lang='lat' dir='ltr'><strong>plor.</strong></span> <span class='ocrx_word' id='word_1_343' title='bbox 615 4153 684 4207; x_wconf 81' lang='lat'>1193.</span> 
     </span>
    </p>
   </div>
   <div class='ocr_carea' id='block_1_6' title="bbox 74 4253 1297 4497">
    <p class='ocr_par' dir='ltr' id='par_1_6' title="bbox 74 4253 1297 4497">
     <span class='ocr_line' id='line_1_40' title="bbox 159 4253 1297 4329; baseline 0.003 -19"><span class='ocrx_word' id='word_1_344' title='bbox 159 4255 181 4324; x_wconf 79' lang='lat'><strong>⁸)</strong></span> <span class='ocrx_word' id='word_1_345' title='bbox 198 4254 295 4324; x_wconf 88' lang='lat' dir='ltr'><strong>Neque</strong></span> <span class='ocrx_word' id='word_1_346' title='bbox 312 4258 406 4308; x_wconf 89' lang='lat' dir='ltr'><strong>tamen</strong></span> <span class='ocrx_word' id='word_1_347' title='bbox 423 4253 469 4311; x_wconf 91' lang='lat' dir='ltr'><strong>hic</strong></span> <span class='ocrx_word' id='word_1_348' title='bbox 488 4271 585 4309; x_wconf 86' lang='lat' dir='ltr'><strong>versus</strong></span> <span class='ocrx_word' id='word_1_349' title='bbox 603 4254 633 4307; x_wconf 92' lang='lat' dir='ltr'><strong>in</strong></span> <span class='ocrx_word' id='word_1_350' title='bbox 650 4253 704 4308; x_wconf 91' lang='lat' dir='ltr'><strong>hoc</strong></span> <span class='ocrx_word' id='word_1_351' title='bbox 728 4257 813 4324; x_wconf 90' lang='lat' dir='ltr'><strong>caput</strong></span> <span class='ocrx_word' id='word_1_352' title='bbox 830 4255 1007 4326; x_wconf 88' lang='lat' dir='ltr'><strong>recipiendus</strong></span> <span class='ocrx_word' id='word_1_353' title='bbox 1032 4255 1094 4323; x_wconf 86' lang='lat' dir='ltr'><strong>fuit,</strong></span> <span class='ocrx_word' id='word_1_354' title='bbox 1118 4258 1184 4326; x_wconf 89' lang='lat' dir='ltr'><strong>quia</strong></span> <span class='ocrx_word' id='word_1_355' title='bbox 1202 4259 1297 4329; x_wconf 89' lang='lat' dir='ltr'><strong>ipsum</strong></span> 
     </span>
     <span class='ocr_line' id='line_1_41' title="bbox 74 4338 1297 4410; baseline 0.002 -15"><span class='ocrx_word' id='word_1_356' title='bbox 74 4340 255 4395; x_wconf 85' lang='lat' dir='ltr'><strong>Ambrosiani</strong></span> <span class='ocrx_word' id='word_1_357' title='bbox 273 4343 459 4394; x_wconf 86' lang='lat' dir='ltr'><strong>correctorem</strong></span> <span class='ocrx_word' id='word_1_358' title='bbox 471 4338 630 4408; x_wconf 85' lang='lat' dir='ltr'><strong>corruptela</strong></span> <span class='ocrx_word' id='word_1_359' title='bbox 641 4338 786 4408; x_wconf 84' lang='lat' dir='ltr'><strong>archetypi</strong></span> <span class='ocrx_word' id='word_1_360' title='bbox 805 4343 845 4407; x_wconf 93' lang='lat' dir='ltr'><strong>,at</strong></span> <span class='ocrx_word' id='word_1_361' title='bbox 863 4340 985 4404; x_wconf 87' lang='lat' dir='ltr'><strong>videsis,</strong></span> <span class='ocrx_word' id='word_1_362' title='bbox 1003 4345 1051 4405; x_wconf 88' lang='lat' dir='ltr'><strong>ut‘,</strong></span> <span class='ocrx_word' id='word_1_363' title='bbox 1070 4358 1153 4410; x_wconf 88' lang='lat' dir='ltr'><strong>quam</strong></span> <span class='ocrx_word' id='word_1_364' title='bbox 1166 4341 1190 4397; x_wconf 94' lang='lat' dir='ltr'>P</span> <span class='ocrx_word' id='word_1_365' title='bbox 1203 4341 1297 4399; x_wconf 84' lang='lat' dir='ltr'><strong>adhuc</strong></span> 
     </span>
     <span class='ocr_line' id='line_1_42' title="bbox 77 4422 1129 4497; baseline -0.001 -17"><span class='ocrx_word' id='word_1_366' title='bbox 77 4424 233 4494; x_wconf 81' lang='lat' dir='ltr'><strong>ostendunt,</strong></span> <span class='ocrx_word' id='word_1_367' title='bbox 251 4423 287 4477; x_wconf 87' lang='lat' dir='ltr'><strong>ad</strong></span> <span class='ocrx_word' id='word_1_368' title='bbox 304 4422 488 4479; x_wconf 84' lang='lat' dir='ltr'><strong>mutationem</strong></span> <span class='ocrx_word' id='word_1_369' title='bbox 506 4425 677 4480; x_wconf 86' lang='lat' dir='ltr'><strong>commotum</strong></span> <span class='ocrx_word' id='word_1_370' title='bbox 694 4441 755 4480; x_wconf 88' lang='lat' dir='ltr'><strong>esse</strong></span> <span class='ocrx_word' id='word_1_371' title='bbox 773 4424 1025 4486; x_wconf 81' lang='lat' dir='ltr'><strong>demonstravimus</strong></span> <span class='ocrx_word' id='word_1_372' title='bbox 1042 4443 1070 4497; x_wconf 89' lang='lat' dir='ltr'><strong>p.</strong></span> <span class='ocrx_word' id='word_1_373' title='bbox 1088 4427 1129 4484; x_wconf 77' lang='lat'><strong>24.</strong></span> 
     </span>
    </p>
   </div>
   <div class='ocr_carea' id='block_1_7' title="bbox 11 4750 85 4896">
    <p class='ocr_par' dir='ltr' id='par_1_7' title="bbox 11 4750 85 4896">
     <span class='ocr_line' id='line_1_43' title="bbox 11 4750 85 4896; baseline 0 0"><span class='ocrx_word' id='word_1_374' title='bbox 11 4750 85 4896; x_wconf 59' lang='grc' dir='ltr'>ἱ</span> 
     </span>
    </p>
   </div>
   <div class='ocr_carea' id='block_1_8' title="bbox 0 0 1524 5220">
    <p class='ocr_par' dir='ltr' id='par_1_8' title="bbox 0 0 1524 5220">
     <span class='ocr_line' id='line_1_44' title="bbox 0 0 1524 5220; baseline 0 2"><span class='ocrx_word' id='word_1_375' title='bbox 0 0 1524 5220; x_wconf 95' lang='lat' dir='ltr'><strong> </strong></span> 
     </span>
    </p>
   </div>
  </div>
 </body>
</html>
