3038 5220
730 275 791 342 103

665 367 725 375 -ι-
753 368 860 374 ---η-..-

236 481 345 546 Pseud.
368 480 431 546 220
450 482 675 544 nitidiusoulum
698 483 741 559 A,
765 482 982 544 nitidissimum
1004 479 1041 544 P.

245 582 327 646 Trita
343 581 409 648 400
430 585 619 646 commodum
641 587 701 647 ecit
715 583 759 661 A,
776 581 971 647 cmumodeP
992 603 1033 644 ex
1056 579 1183 645 novicia
1199 580 1368 664 scriptura.

234 684 345 751 Pseud.
371 685 435 750 276
452 687 673 772 propemodum
695 686 738 762 A,
756 686 941 771 propemodo
968 684 1001 760 P,
1023 693 1060 746 ut
1088 683 1169 747 Tm'm
1185 684 1257 751 780.
1281 691 1371 747 extat

147 795 259 850 autem
280 784 312 849 in
335 785 386 851 his
408 808 535 871 quoque
553 790 774 874 propemodum
798 786 940 851 noviens.
1448 809 1450 814 ·

239 886 325 951 Touo:
348 889 412 953 200
431 902 587 976 propteme
607 887 650 966 A,
669 901 805 976 proterve
826 888 864 957 P.

235 984 278 1052 In
299 1009 337 1052 eo
359 999 444 1053 certe
467 990 496 1052 A
521 988 677 1056 Palatinis
699 992 795 1078 longe
818 1002 974 1078 praestat,
1004 989 1089 1076 quod
1113 989 1214 1054 multo
1237 987 1376 1074 saepius
1471 1050 1474 1055 ,

146 1108 210 1173 pro
230 1091 245 1151 i
264 1088 361 1176 longa
376 1089 614 1176 diphthongum
637 1093 832 1158 eiservarit.
876 1093 909 1157 in
932 1115 996 1176 quo
1012 1091 1093 1155 illud
1115 1112 1212 1176 quam
1228 1092 1369 1154 maxime

146 1190 358 1256 memorabile
385 1203 448 1269 est,
482 1194 624 1276 quadiu
653 1194 723 1258 aliis
751 1196 925 1259 comoediis
954 1193 1029 1258 illae
1055 1194 1178 1257 formae
1203 1193 1273 1258 iere
1297 1214 1369 1265 con-

150 1303 292 1371 stanter,
323 1293 356 1357 in
391 1294 462 1359 aliis
492 1318 650 1382 nusquam
681 1297 896 1362 inveniuntur.
946 1319 1018 1360 nam
1047 1295 1188 1380 plurima
1221 1295 1371 1382 exempla

145 1396 292 1461 eontinet
312 1396 483 1475 Mercator,
513 1397 631 1462 deiude
659 1410 836 1482 sequuntur
860 1399 961 1463 Persa
983 1397 1146 1462 Poenulus
1163 1397 1368 1462 Menaechmi

150 1497 309 1585 Epidicus
337 1497 477 1576 Stichus,
507 1521 579 1564 cum
602 1501 637 1564 in
659 1500 773 1565 ceteris
801 1513 856 1564 aut
879 1522 952 1564 raro
975 1512 1031 1564 aut
1059 1522 1220 1584 nusquam
1243 1509 1369 1577 extent3

151 1599 297 1665 velutin
319 1600 484 1666 Pseudulo
508 1624 571 1665 non
593 1604 655 1666 nisi
677 1603 709 1665 in
732 1602 795 1666 fine
818 1601 892 1667 iude
915 1626 934 1665 a
958 1624 987 1665 v.
1013 1602 1095 1666 1179
1125 1613 1156 1667 et
1177 1601 1209 1666 in
1233 1612 1370 1685 utraque

148 1705 283 1792 quidem
300 1706 485 1771 recensione
500 1721 667 1794 apparent.
705 1709 736 1771 in
755 1707 783 1771 P
803 1729 868 1770 nou
891 1707 954 1770 nisi
971 1705 1109 1791 sparsim
1126 1705 1160 1769 in
1177 1704 1370 1792 quibusdam

147 1806 324 1872 comoediis
335 1808 545 1879 inveniuntur
557 1832 716 1896 saepeque
728 1832 768 1874 ex
781 1808 970 1894 corruptelis
984 1809 1112 1872 demum
1126 1817 1368 1892 recuperantur.

148 1920 186 1971 ut
203 1908 353 1993 exempla
369 1930 499 1994 ponam,
516 1909 665 1974 Loswius
688 1912 796 1996 (Auel.
808 1911 911 1974 Plout.
930 1933 961 1994 p.
980 1909 1048 1974 197.
1065 1910 1137 1976 207.
1155 1910 1233 1996 213)
1246 1908 1370 1977 monuit

160 2010 242 2076 Trio.
261 2012 333 2077 230.
353 2011 426 2077 962.
452 2011 518 2078 Coo.
540 2012 620 2088 118,
640 2013 680 2076 78
702 2034 743 2074 ex
765 2014 834 2090 siet,
863 2011 949 2097 quod
979 2024 1079 2074 metro
1102 2034 1165 2074 non
1179 2009 1368 2090 admittitur,

147 2112 341 2178 eliciendum
365 2136 435 2178 essa
455 2118 523 2191 ecit,
551 2136 647 2199 porro
669 2115 700 2177 in
719 2116 810 2200 force
831 2115 935 2200 (Tmou.
951 2117 1002 2180 95.
1019 2116 1091 2180 289.
1118 2114 1187 2178 Coe.
1210 2113 1366 2198 117,11)

147 2219 251 2280 latere
267 2217 374 2302 foreis,
397 2217 429 2279 in
453 2217 570 2280 oblatus
592 2217 644 2280 vel
667 2218 771 2280 obutue
793 2219 896 2302 (Teuc.
920 2217 996 2301 230)
1025 2218 1148 2280 oblutus
1169 2216 1217 2301 (A
1239 2217 1369 2300 oblt'tue),

150 2317 221 2384 Coo.
237 2318 288 2385 IV
304 2320 336 2396 4,
352 2319 393 2382 23
421 2319 454 2381 in
478 2322 542 2404 opit
564 2319 621 2404 (B)
644 2322 712 2383 eicit
734 2320 800 2404 (icit
822 2319 879 2405 A),
902 2321 994 2383 Pecu.
1007 2319 1072 2385 404
1093 2319 1127 2382 in
1150 2331 1240 2381 orato
1261 2321 1367 2392 eiecto,

147 2420 213 2486 966
252 2420 283 2485 in
323 2442 440 2484 euuore
472 2423 612 2496 amueire,
657 2421 741 2482 Touo.
771 2420 834 2483 486
871 2420 905 2483 in
944 2423 982 2484 de
1011 2444 1131 2507 pepone
1163 2422 1200 2484 de
1229 2423 1368 2507 pupueis,

146 2523 212 2590 532
244 2523 279 2587 in
316 2525 423 2587 meida
458 2525 572 2586 eumdei
610 2525 724 2606 (cecidi
751 2520 830 2608 OD)
867 2524 908 2587 al.
959 2525 1026 2587 Mil.
1049 2525 1125 2608 plor.
1163 2523 1245 2586 1422
1287 2521 1368 2586 haee

146 2624 295 2690 codicum
325 2625 479 2689 memoria
505 2640 566 2689 est:
601 2649 661 2688 uon
686 2627 758 2689 cibis
785 2627 834 2703 A,
862 2651 883 2688 o
903 2629 987 2690 uobis
1008 2626 1046 2702 P,
1074 2626 1108 2689 in
1139 2647 1203 2709 quo
1234 2625 1309 2689 latet
1331 2626 1369 2688 ηδ

148 2729 262 2791 aba„
274 2749 333 2789 mom
348 2729 429 2790 eibto.
457 2728 524 2792 Md.
542 2729 617 2812 plor.
633 2729 701 2790 162.
720 2729 781 2793 179
796 2732 901 2791 ocimio
911 2763 944 2779 =
957 2731 1062 2793 eeimiu
1077 2729 1113 2792 P.
1139 2731 1208 2793 Md.
1220 2731 1294 2815 plor.
1307 2729 1371 2793 884

145 2829 183 2893 in
205 2829 353 2892 codicum
382 2829 572 2916 corruptelis
601 2832 762 2893 deoodarei
789 2831 858 2894 sive
886 2833 997 2896 caseolo
1019 2835 1064 2895 rei
1086 2832 1164 2896 latet
1193 2834 1370 2898 deoeeiorei.

234 2931 329 2995 Haec
351 2943 435 3007 sunt,
460 2932 599 3015 quaein
622 2931 797 3017 legentium
828 2932 923 2998 usum
946 2934 1039 3017 quasi
1062 2956 1120 3018 per
1143 2934 1368 3019 compendium

147 3036 295 3099 conferre
329 3035 443 3110 libuit3
488 3034 650 3119 permulta
688 3035 751 3098 alia
784 3036 933 3120 propriae
972 3036 1232 3101 commentationi
1271 3058 1369 3100 reser-

148 3136 259 3201 vanda
280 3147 363 3203 suut.

583 3566 728 3660 Caput
754 3567 936 3639 tertium.

235 3765 345 3830 Plauti
371 3765 498 3830 tabulas
525 3787 630 3852 neque
659 3765 700 3830 ab
728 3767 797 3853 ipso
825 3776 922 3852 poeta
949 3787 1054 3848 neque
1088 3765 1156 3829 eius
1186 3778 1290 3829 aetate
1313 3767 1368 3829 sed
1446 3795 1447 3799 ¹

149 3868 287 3954 septimo
309 3868 440 3932 demum
454 3869 544 3932 urbis
560 3869 699 3946 saeculo,
723 3891 796 3933 cum
819 3869 859 3933 ob
876 3890 1031 3933 novarum
1055 3867 1296 3932 comoediarum
1318 3891 1369 3955 pe·

149 3970 277 4037 nuriam
297 3984 421 4035 veteres
436 3972 567 4037 fabulae
588 3971 705 4034 iterum
726 3970 758 4034 in
779 3993 929 4035 scaenam
951 3973 1214 4056 producerentur,
1237 3994 1300 4037 non
1324 3971 1369 4036 sic

149 4085 187 4138 ut
208 4086 322 4158 poetae
345 4097 443 4139 manu
472 4074 679 4151 constitutae,
709 4075 765 4138 sed
787 4084 823 4139 ut
847 4096 866 4137 a
889 4074 1025 4138 dominis
1047 4096 1184 4160 gregum
1206 4097 1265 4159 pro
1288 4073 1370 4138 arbi·

149 4188 237 4242 trata
266 4198 324 4241 suo
350 4178 383 4240 in
411 4200 504 4240 usum
529 4176 692 4240 actionum
715 4186 906 4251 retractatae
935 4190 1025 4240 erant
1058 4176 1246 4262 singillatim
1268 4176 1370 4240 editas

150 4300 221 4344 csse
235 4291 360 4343 certum
375 4289 431 4345 est.
475 4301 612 4362 quorum
635 4301 735 4362 opera
756 4279 789 4341 in
812 4291 968 4362 quantum
991 4279 1032 4342 ad
1055 4289 1139 4342 totas
1161 4299 1294 4342 scaenas
1317 4277 1369 4342 vel

151 4398 342 4446 menarum
364 4390 471 4467 partes
494 4390 550 4446 aut
573 4381 763 4445 resecandas
786 4393 841 4445 aut
864 4381 1034 4445 mutandas
1057 4381 1247 4467 pertinuerit
1275 4402 1369 4466 quae·
1492 4430 1494 4434 .

152 4504 223 4550 rere
242 4482 321 4549 lruie
350 4483 612 4550 commentationi
641 4505 703 4548 non
728 4483 895 4562 convenit,
923 4483 1044 4573 quippe
1069 4484 1120 4548 cui
1142 4482 1307 4572 proposita
1329 4483 1371 4549 sit
