3038 5220
139 459 361 525 recensionum
381 461 555 547 scripturas
567 461 726 538 misceret,
744 462 776 525 in
793 461 895 526 altera
910 461 1049 526 editione
1065 461 1245 526 Trinummi
1261 464 1357 546 cavit,

137 562 199 626 nisi
229 563 315 648 quod
338 585 401 643 non
430 564 506 628 setis
539 573 723 627 constanter
750 562 833 628 hanc
855 563 1012 628 rationem
1035 565 1152 628 tenuit:
1188 565 1355 629 nonenim

139 662 251 728 debuit
273 688 303 730 v.
319 665 380 730 257
404 687 447 729 ex
469 663 599 730 diversa
621 665 768 730 codicum
792 666 945 729 memoria

177 765 226 829 A:
255 767 335 831 baec
358 789 419 851 ego
443 767 455 852 ll
481 766 588 850 Quum
611 790 685 831 cum
710 767 822 831 animo
845 790 916 832 meo
938 777 1051 852 reputo

178 867 221 931 P:
250 867 344 933 Haec
366 891 427 953 ego
450 889 523 932 cum
545 890 608 954 ago
631 891 704 934 cum
733 892 803 934 meo
825 872 934 935 animo
962 881 993 934 et
1021 869 1127 934 recolo

136 970 222 1034 hano
243 993 356 1035 versus
380 971 516 1035 formam
539 994 745 1058 componere:

242 1073 334 1137 Haec
357 1094 417 1157 ego
440 1095 536 1159 quom
559 1094 632 1136 cum
656 1096 726 1138 meo
748 1076 855 1139 animo
877 1086 992 1162 reputo
1016 1075 1060 1164 [et
1083 1074 1189 1140 recolo
1201 1123 1293 1142 .....
1294 1073 1315 1163 ].

20 1209 23 1214 ·
136 1185 277 1238 ceterum
308 1175 360 1238 hic
388 1173 559 1239 adnotasse
586 1174 711 1239 iuvabit
742 1179 775 1240 in
807 1176 972 1241 Ritschelii
1004 1178 1222 1264 praeceptoris
1250 1179 1356 1264 priore

135 1278 293 1342 sententia
309 1289 340 1341 et
357 1276 608 1361 Usenerum¹)
626 1290 657 1342 et
681 1277 1013 1362 Kiesslingiumt)
1034 1279 1080 1342 ita
1102 1277 1293 1362 perstitisse,
1322 1288 1357 1343 ut

135 1379 296 1445 nonnullis
324 1381 481 1467 exemplis
508 1381 731 1447 Palatinorum
765 1379 913 1445 fraudem
940 1377 1195 1444 demonstrantes
1229 1379 1263 1442 in·
1288 1377 1380 1444 solo‘

135 1481 350 1548 Ambrosiano
373 1483 472 1548 crisin
493 1481 680 1550 Plautinum
702 1486 760 1550 niti
785 1483 904 1548 debere
926 1482 1181 1569 pronuntiarent.

220 1585 328 1666 Quam
351 1586 544 1652 Ritscbelius
568 1589 599 1650 in
630 1587 871 1672 Prolegomenis
894 1585 1050 1650 refutasse
1080 1583 1142 1649 sibi
1165 1584 1253 1649 visus
1287 1595 1356 1649 erat

134 1689 324 1753 sententiam
348 1688 389 1754 de
412 1690 546 1755 consilio
569 1700 783 1754 correctorum
806 1688 839 1752 in
854 1687 961 1753 Plauti
986 1684 1158 1750 comoediis
1174 1685 1353 1770 manifesto,

135 1813 206 1855 eam
229 1791 459 1879 Geppertus
483 1793 617 1879 recepit,
642 1790 866 1856 incredibilem
888 1791 922 1854 in
945 1789 1076 1853 modum
1098 1789 1126 1853 is
1155 1789 1287 1876 quidem
1315 1811 1355 1853 ea

135 1891 264 1958 abusus.
314 1917 387 1958 nam
421 1895 565 1982 ineptum
598 1905 655 1976 est,
690 1893 775 1980 quod
806 1891 1069 1974 Ambrosianum,
1104 1892 1160 1977 qui
1189 1889 1354 1955 Palatinos

135 1991 291 2079 dignitate
304 1993 399 2081 longe
411 2010 548 2083 superet,
565 1996 741 2061 secundum
754 1995 987 2080 ,rhythmicas‘,
1001 1992 1165 2058 Palatinos
1177 1991 1353 2057 secundum

133 2098 384 2182 ,grammaticas‘
407 2098 559 2176 rationes,
581 2099 614 2164 id
638 2111 686 2163 est
703 2099 745 2163 ad
760 2117 888 2163 normas
904 2097 1053 2161 metricas
1068 2096 1352 2182 grammaticorum

133 2199 248 2285 (praefi
274 2199 373 2262 Tru'n.l
392 2224 423 2288 p.
447 2201 534 2288 124.)
562 2212 723 2265 correctos
758 2222 828 2264 esse
857 2200 1031 2266 contendit.
1086 2200 1194 2284 itaque
1210 2250 1214 2262 .
1228 2199 1286 2264 etsi
1320 2200 1352 2263 in

132 2299 347 2366 Ambrosiano
363 2315 395 2365 et
405 2302 562 2368 Palatinis
575 2303 655 2368 duas
670 2303 855 2369 fabularum
867 2301 1088 2366 Plautinarum
1100 2302 1352 2366 recensiones

133 2401 224 2489 nobis
247 2414 390 2469 servatas
413 2428 483 2470 esse
506 2407 628 2492 primus
652 2406 743 2486 dixit,
768 2395 848 2470 nibil
870 2416 977 2470 tamen
999 2403 1076 2469 inde
1090 2403 1197 2468 laudis
1219 2402 1261 2468 ad
1280 2425 1352 2467 eum

131 2505 305 2590 redundat,
340 2509 528 2595 praesertim
563 2530 636 2573 cum
671 2509 703 2572 in
738 2506 856 2572 fabulis
890 2508 932 2572 ab
973 2508 1044 2594 ipso
1078 2505 1173 2571 editis
1207 2505 1352 2570 diversas

130 2608 270 2672 rationes
300 2610 444 2688 criticas,
473 2634 493 2675 a
521 2610 638 2698 quibus
667 2622 813 2674 auctores
842 2611 1067 2674 recensionum
1095 2610 1254 2695 profectos
1282 2630 1352 2673 esse

131 2706 313 2792 arbitratur,
331 2711 463 2776 minime
480 2714 656 2800 respiciens
674 2711 857 2798 ubicunque
869 2708 980 2799 aptum
997 2712 1168 2777 videbatur
1185 2711 1352 2797 utriusque

130 2813 325 2876 recensionis
347 2815 521 2901 scripturas
545 2815 756 2879 coniunxerit.

214 2913 359 2980 Maximo
384 2938 459 2982 vero
481 2933 577 3005 opere
600 2917 632 2980 in
655 2916 751 2981 huius
774 2914 971 2999 quaestionis
987 2914 1123 2979 historia
1144 2913 1351 2979 memorabile

132 3027 180 3081 est
203 3016 363 3083 Theodori
378 3019 456 3085 Ber
462 3020 546 3107 gkii
568 3018 733 3096 iudicium,
756 3028 829 3103 post
844 3016 1059 3082 Ritschelium
1080 3017 1164 3080 iuter
1184 3016 1351 3082 Plautinos

130 3120 276 3185 homines
301 3143 376 3186 vere
399 3122 553 3208 singulari
578 3122 723 3186 doctrina
746 3134 778 3186 et
803 3118 986 3184 admirabili
1010 3119 1176 3183 divinandi
1197 3119 1350 3183 facultate

128 3222 222 3287 facile
248 3224 413 3310 principis.
457 3224 514 3290 hic'
532 3227 679 3309 quotiens
701 3226 734 3289 in
758 3225 819 3290 hoc
842 3225 1019 3288 litterarum
1043 3243 1157 3309 campo
1172 3220 1350 3286 Ritschelio

130 3324 335 3391 adversarius
358 3326 500 3392 extiterit
522 3328 696 3393 acerrimus
719 3327 775 3412 qui
795 3325 983 3402 meminerit,
1005 3322 1174 3389 mirabitur
1196 3325 1349 3409 profecto,

20 3506 23 3511 Ι
130 3426 217 3512 quod
231 3426 266 3491 in
280 3427 342 3493 hac
358 3429 398 3494 de
414 3453 479 3514 qua
494 3431 621 3516 agimus
637 3429 835 3516 quaestione,
850 3428 879 3492 si
895 3428 963 3492 eius
980 3448 1140 3490 summam
1155 3435 1349 3511 spectamus,

129 3540 265 3616 uterque
289 3530 339 3595 vir
361 3531 473 3596 doctus
503 3532 679 3598 abeodem
707 3534 774 3597 fere
803 3530 961 3595 sententia
988 3532 1151 3617 profectus
1179 3528 1348 3617 paullatim

129 3653 232 3716 paene
251 3632 285 3696 iu
306 3633 500 3699 contrariam
522 3657 555 3700 se
577 3635 743 3702 convertit.
778 3644 874 3720 atque
895 3632 928 3696 in
946 3631 1090 3697 censuris
1107 3631 1347 3698 Ritscbelianae
1415 3703 1416 3707 ,

129 3733 288 3813 editionis,
301 3758 382 3822 quas
394 3736 555 3823 Bergkius
567 3735 696 3821 scripsit
703 3738 742 3822 8)‚
753 3737 873 3800 frustra
884 3734 1093 3818 quaesiveris,
1106 3733 1163 3800 ubi
1176 3733 1347 3799 Ritschelii

129 3837 330 3915 sententiam,
354 3861 437 3923 quae
461 3850 509 3904 est
531 3838 570 3904 de
592 3841 699 3904 causis
721 3837 975 3903 differentiarum
999 3838 1082 3902 inter
1104 3837 1231 3902 codices
1252 3837 1347 3927 inter-

105 3938 327 4025 cedentium,
359 3951 414 4005 aut
440 3941 627 4026 probaverit
655 3951 711 4006 aut
739 3940 900 4018 reiecerit3
934 3962 1009 4004 nam
1042 3939 1167 4004 nullum
1197 3938 1242 4003 ibi
1270 3937 1348 4003 fecit

131 4083 331 4090 uum*—

216 4163 237 4229 l)
254 4161 345 4218 Jatru
361 4164 384 4233 f.
402 4163 474 4217 Pllt'l.
492 4161 560 4218 XGI
577 4179 605 4231 p.
622 4162 673 4217 26³
690 4179 730 4230 sq.

212 4265 236 4332 ¹)
254 4263 285 4317 in
296 4279 412 4318 censura
429 4263 561 4318 editionis
579 4262 743 4318 truculenti
757 4261 959 4332 Spengelianae
970 4263 1066 4316 ibidem
1081 4259 1194 4315 XCVII
1205 4277 1232 4328 p.
1244 4260 1295 4314 609
1306 4276 1346 4327 sq.

172 4365 236 4506 3⁹⁸)
259 4365 387 4420 zaram.
413 4367 437 4438 f.
464 4364 688 4422 arcessamus.
714 4362 755 4420 v1
778 4363 870 4437 (1848)
895 4379 922 4437 p.
950 4361 1137 4434 1124-11493
1165 4359 1241 4419 vm
1257 4361 1348 4434 (raso)

128 4466 155 4524 p.
190 4451 324 4508 ,δέ-348.
