3038 5220
615 226 740 325 ii„

53 426 220 492 Wiihrend
253 427 321 492 also
354 427 406 492 die
440 428 651 515 palatinische
683 428 864 495 Recension
903 430 981 497 eine
1027 432 1189 500 erlaubts
1214 435 1265 503 Ver

48 528 231 614 schleifung
258 530 316 593 der
344 529 459 594 beiden
488 532 742 617 Antangssiiben
770 555 833 598 von
866 534 1041 599 senectuti
1079 538 1264 605 erfordsrlid

51 632 170 709 macht,
193 633 235 696 ist
257 654 290 697 es
312 633 515 716 zweifelhast‚
548 632 589 699 ob
612 634 670 699 der
692 634 980 701 Ambrosianische
1007 634 1210 705 Recensent
1226 640 1264 705 d's·

49 735 136 801 selbe
168 734 418 822 Verschieisung
455 736 513 800 mit
548 736 630 801 Hiat
666 738 699 801 in
736 738 793 803 der
827 760 965 803 caesura
1009 741 1264 827 penthemimeres

47 838 204 904 statuiren
227 838 343 917 wollts,
367 840 444 904 oder
467 840 549 905 ohnc
573 840 650 905 Hiat
675 841 739 905 und
755 840 1010 929 Verschieiiung
1035 866 1083 911 zu
1107 844 1201 911 lesen
1219 869 1263 913 ror·

48 965 124 1028 zog:
141 941 226 1008 Suae
241 942 397 1007 senectuti
411 942 567 1006 acriorem
584 941 720 1007 hiemem
736 952 840 1027 parat.
878 941 943 1007 Die
958 954 1097 1011 erstere
1113 947 1265 1014 Anmhnt

50 1044 105 1109 hat
134 1048 282 1129 griiseere
309 1042 677 1107 Walrrsclreinlichkeit.‘
722 1059 753 1106 at
781 1043 808 1107 ei
838 1043 1073 1113 recensionem
1107 1050 1265 1129 statuimur

48 1168 189 1231 quanam
212 1168 311 1211 causa
334 1158 546 1210 correctorem
570 1148 594 1209 is
616 1145 748 1209 eiecisse
771 1145 982 1232 putabimus?
1021 1152 1185 1235 proiecto
1204 1152 1265 1219 nali

49 1247 114 1315 alia
151 1247 328 1334 excogitari
372 1258 490 1334 potest,
527 1270 625 1332 quam
663 1261 826 1313 auctorem
867 1250 1078 1317 recensionis
1119 1278 1265 1321 mensura

48 1353 194 1414 satietati
215 1350 364 1437 ignarum
380 1351 413 1414 id
436 1351 551 1435 egisse,
574 1363 610 1415 ut
633 1355 657 1413 ia
678 1351 780 1416 eiecto
803 1361 939 1415 metrum
962 1364 1193 1423 restauraret.
1225 1380 1266 1443 qn

48 1452 216 1517 occasione
244 1452 351 1517 oblata
372 1451 507 1517 alterum
536 1454 641 1519 locum
664 1463 803 1518 tractare
826 1454 858 1517 in
883 1452 994 1521 animo
1019 1467 1095 1536 est,
1132 1460 1194 1527 ubi
1212 1460 1266 1527 ia·

48 1557 73 1618 is
95 1577 265 1640 perperam
289 1554 372 1619 inA
397 1568 546 1619 nontam
569 1556 704 1621 eiectum
728 1578 825 1642 quam
847 1578 925 1622 casu
952 1556 1128 1625 omissum
1156 1562 1269 1629 videtu.

139 1674 220 1737 Tria.
242 1673 315 1739 849.
338 1673 402 1739 850

116 1792 234 1859 Dicam
250 1790 292 1856 ab
308 1814 345 1857 eo
361 1791 550 1856 homine'me
566 1794 738 1877 accepisse,
750 1815 845 1877 quem
858 1815 919 1877 ego
934 1794 991 1881 qui
1004 1796 1053 1861 sit
1066 1797 1175 1867 homo
1189 1800 1272 1867 nestit

48 1898 97 1961 A:
120 1895 233 1983 Neque
255 1895 330 1960 novi
354 1916 457 1979 neque
479 1906 572 1959 natus
596 1917 715 1960 necne
737 1896 875 1979 fuerit,
899 1896 933 1960 id
955 1898 1071 1966 solide
1097 1906 1173 1969 scio

47 2000 92 2064 P:
595 2019 717 2061 neone
740 2000 770 2062 is
793 1998 917 2063 fuerit

52 2118 85 2180 in
107 2117 137 2181 P
165 2139 238 2182 cum
261 2121 287 2181 is
308 2127 471 2181 servatum
504 2118 555 2192 sit,
589 2117 670 2182 bene
700 2118 944 2202 distinguuntur
970 2123 1080 2185 raescio
1106 2146 1209 2211 neque
1228 2126 1276 2189 sori

50 2259 88 2267 —
125 2241 217 2306 oeque
238 2224 272 2284 id
293 2222 387 2285 solide
416 2225 489 2296 erio,
524 2231 611 2283 nasta
640 2242 727 2284 necne
755 2221 903 2307 defuerit.
958 2224 1065 2287 nocio
1097 2248 1201 2313 seque
1227 2228 1276 2291 rori

50 2344 158 2387 omnes
175 2323 281 2388 sciunt
303 2337 370 2387 tam
385 2335 453 2388 arte
476 2323 647 2388 coniuncta
670 2345 749 2400 esse,
774 2338 808 2387 ut
822 2322 916 2406 quasi
938 2322 971 2385 in
995 2346 1110 2391 unam
1128 2330 1275 2394 notione!

50 2425 235 2490 coaluerint.
295 2448 431 2510 quorum
469 2424 629 2490 obiectum
667 2448 755 2511 qoem
793 2447 865 2489 oum
903 2424 936 2487 in
975 2429 1157 2495 sententia
1192 2430 1276 2497 altera

51 2527 186 2592 subiecti
204 2528 275 2591 vice
290 2529 455 2613 fungatur,
478 2527 592 2590 iterata
610 2527 807 2613 pronominis
823 2526 940 2612 positio
956 2526 984 2589 si
1001 2549 1074 2593 non
1091 2534 1276 2609 necessaria

49 2640 155 2694 tamen
178 2630 345 2715 aptissima
368 2641 424 2697 est.
469 2630 618 2716 exemplo
641 2630 681 2695 sit
704 2630 800 2715 Epis.
823 2629 902 2693 576:
926 2627 1024 2713 ‚Quia
1049 2653 1135 2720 ego
1159 2637 1277 2703 istene

51 2755 133 2816 quae
156 2733 215 2796 siet
238 2755 341 2820 neque
369 2736 435 2798 scio
458 2755 562 2820 neque
586 2733 676 2808 novi,
706 2755 810 2817 neque
840 2755 910 2820 ego
938 2734 1043 2798 hanc
1082 2738 1198 2804 oeulis
1226 2736 1277 2803 vidi

50 2845 124 2899 ante
158 2835 244 2899 hunc
278 2836 382 2901 diem!
426 2835 481 2900 ubi
515 2836 541 2898 si
577 2835 739 2900 obiectum
775 2838 869 2898 istanc
903 2845 998 2920 poeta
1032 2840 1205 2925 repetivit
1234 2862 1278 2929 per

50 2938 136 3015 hanc,
149 2950 269 3023 quanto
282 2939 487 3003 verisimilius
504 2950 553 3002 est
571 2960 644 3002 eum
672 2938 755 3001 idem
779 2938 812 3000 in
838 2937 1010 3001 Trioummi
1027 2961 1137 3007 versu
1162 2943 1276 3023 fecisse,

48 3041 104 3105 ubi
127 3039 288 3104 obiectum
311 3040 425 3127 prioris
448 3040 624 3104 sententiae
647 3040 680 3102 in
704 3040 885 3105 subiectum
907 3038 1043 3105 alterius
1071 3047 1212 3117 transit.

142 3161 223 3224 Trio.
248 3160 312 3225 560

93 3281 134 3346 P:
160 3280 281 3365 Lepide
303 3279 411 3344 hercle
434 3280 480 3343 de
502 3301 581 3365 agro
604 3301 664 3366 ego
686 3278 771 3343 hunc
794 3299 902 3342 senem
925 3278 1072 3344 deterrui

96 3384 141 3447 A:
158 3383 283 3468 Lepide
299 3383 405 3447 hercle
428 3406 508 3467 agro
531 3404 591 3469 ego
614 3382 688 3446 hoc
710 3381 796 3446 hunc
820 3404 929 3446 senem
952 3381 1116 3451 deterrui.

52 3504 92 3568 de
114 3503 253 3567 sanitate
281 3525 392 3569 versus
418 3503 640 3568 Palatinorum
668 3525 761 3567 nemo
792 3502 967 3580 dubitabit3
994 3502 1037 3567 de
1064 3502 1279 3575 Ambrosiani

54 3619 161 3671 autem
185 3606 373 3671 correctoris
392 3606 530 3684 consilis,
554 3629 626 3670 cum
650 3616 785 3669 metrum
802 3604 967 3670 turbatum
983 3604 1034 3680 sit,
1060 3610 1280 3693 periculosum

53 3719 101 3775 est
124 3709 277 3776 iudicare.
322 3710 349 3772 si
372 3731 448 3773 vero
466 3719 596 3796 propter
611 3708 773 3794 duplicem
797 3707 1047 3792 discrepantiam
1068 3713 1280 3781 statuendum

54 3835 124 3877 esse
140 3811 277 3890 videtur,
293 3833 357 3875 non
375 3834 447 3875 cum
462 3811 670 3875 Lachmanno
687 3833 814 3875 versum
830 3811 871 3874 ad
889 3811 972 3875 hanc
988 3810 1151 3894 formam,
1167 3815 1282 3906 Lepide

54 3914 161 3979 hercle
185 3915 264 4002 agro
286 3936 347 4001 ego
370 3914 431 3979 hoc
451 3913 538 3979 hrino
556 3935 664 3978 senem
687 3912 839 3979 deterrui‘
862 3913 967 3977 redire
989 3919 1208 4001 putaverim,
1236 3917 1282 3986 ssd

54 4016 161 4103 potius
195 4017 236 4082 ad
270 4015 404 4102 ‚Lepide
432 4016 540 4081 hercle
570 4038 649 4103 agro
683 4016 744 4081 hdo
774 4039 834 4103 ego
857 4016 943 4080 hrinc
973 4037 1085 4081 senem
1121 4022 1283 4091 deterru'a‘

56 4120 147 4205 origo
185 4128 293 4185 autern
333 4119 517 4185 mutationis
547 4119 622 4183 inde
658 4119 833 4204 repetenda
862 4119 1004 4195 videtur,
1045 4125 1147 4204 quod
1180 4128 1285 4195 autdr
1314 4110 1316 4117 ¹

57 4232 130 4311 post
163 4223 258 4287 hercle
290 4222 413 4287 excidit
445 4234 501 4287 aut
524 4245 706 4287 mensuram
737 4225 776 4287 de
800 4245 875 4308 cyro
903 4232 1065 4286 corrector
1088 4248 1166 4297 non
1193 4229 1286 4319 magis

57 4323 206 4410 probavit
228 4349 325 4410 quam
353 4327 433 4390 Tria.
459 4325 552 4391 1078.
595 4327 689 4390 Mero.
713 4325 791 4403 5343
824 4326 863 4388 cf.
887 4345 919 4408 p.
944 4322 994 4390 19.
1039 4325 1172 4397 vitium
1197 4335 1287 4424 igitar

60 4427 126 4494 sive
149 4450 287 4494 errorem
311 4439 471 4495 corrector
493 4429 603 4494 addito
625 4430 678 4493 too
700 4426 811 4493 tollere
834 4424 966 4493 studuit.
